3168 4922
297 375 384 447 llul
610 389 752 446 suoru
775 385 975 444 viniones
1001 395 1040 444 rer

297 541 341 589 De
351 537 496 602 sterilitate
507 553 541 588 ue
557 537 631 588 nimis
642 539 774 600 miremur,
785 535 823 586 ἠὲ
859 536 963 587 mittere
974 549 1032 585 euru
1043 535 1145 586 ‘Grecis
1156 530 1275 586 soiebut.¹
1298 529 1301 540 '
1351 561 1355 566 ·

297 615 436 678 ciuntquae
450 614 588 662 Atheniens
606 612 650 662 lib.
667 625 717 661 xri.
735 619 762 661 et
781 611 822 660 Ε·
890 611 993 661 usurus
1018 613 1082 660 selles
1107 613 1196 660 mulis
1225 599 1389 674 sompugibss]

295 687 471 737 liauuslib.x.'
486 685 822 747 numbredebrebrestrato
857 683 926 733 Sells
952 685 1047 734 eurulis
1070 695 1183 749 quatuor
1207 685 1282 748 lignis
1306 685 1388 747 pluri·

297 752 413 812 narrant.
431 763 533 812 Cuseub.
857 758 937 808 busre
948 759 1093 821 constabat,
1109 759 1223 810 lueservls
1239 761 1265 809 lu
1282 759 1386 808 modum

297 861 311 897 ·,
327 838 446 901 Superque
462 853 487 888 ss
497 839 606 888 subsellio
615 840 714 888 serendo
724 827 834 900 loouritl'
858 832 913 882 fere
924 835 1034 886 litaret
1048 836 1189 898 productus,
1197 843 1224 884 et
1233 834 1315 883 minus
1328 847 1386 882 eur-

295 914 387 962 Soenae
407 923 435 963 et
457 914 535 976 podio
552 913 695 975 proximum
723 911 823 960 subsel-
859 908 970 958 rere-eb
982 917 1185 974 utraqueparte.
1203 909 1268 957 llas
1279 906 1385 956 struibus

294 988 368 1050 lium,
390 988 535 1050 principum
554 986 603 1036 tuit
632 993 658 1035 et
689 987 822 1049 ιιιιςίιιιι-
857 982 893 1032 its
904 991 1039 1047 eompaets
1051 990 1118 1046 erat,
1131 993 1160 1033 ut
1177 981 1273 1046 aperiri
1288 981 1386 1032 elsudl-

296 1070 386 1111 tuume
411 1062 552 1111 secuudum
571 1067 598 1110 et
616 1061 716 1126 reliqua
728 1061 820 1124 qulbus
859 1071 908 1121 que
920 1065 1018 1120 posset.
1039 1059 1177 1122 Lignorum
1190 1058 1298 1106 forment
1310 1067 1385 1120 egre·

294 1135 412 1185 constitit
440 1136 583 1196 orchestra,
611 1143 773 1185 serstorum:
794 1135 820 1184 iu
857 1131 1386 1196 gleexplicenttlraeel‚serr18lopsrdw·

293 1211 378 1274 primu
396 1211 466 1261 sedit
488 1210 636 1275 Augustus:
659 1210 685 1259 iu
707 1208 820 1260 seeundo
856 1207 947 1257 λόποια
969 1210 1109 1271 nominent,
1131 1217 1160 1258 ιιι
1178 1207 1336 1258 Plutarchus
1358 1209 1384 1257 in

292 1288 392 1350 legatos
414 1289 567 1338 collocavit:
592 1293 692 1351 ‘super
713 1291 758 1336 se'
783 1287 821 1335 sit
857 1284 950 1333 Murio.
975 1283 1265 1348 'Hujuseuodlsellsruru
1283 1280 1384 1332 l'sbrlua

294 1363 447 1412 Suetonius:
470 1365 531 1428 quia
551 1359 618 1412 rstio
638 1363 819 1411 subselliorum
856 1359 984 1424 hodieque
1000 1361 1025 1409 iu
1046 1375 1092 1410 usu
1110 1369 1160 1409 est.
1185 1359 1283 1408 Similis
1297 1365 1383 1408 sulem

292 1452 325 1488 ea
340 1439 398 1495 luit,
411 1445 439 1488 ιιι
458 1439 573 1487 imosire
586 1436 819 1500 primosecundum
857 1433 958 1483 srtitieii
976 1433 1058 1484 iuuisse
1075 1435 1194 1484 ridentur
1213 1433 1275 1494 illu,
1291 1433 1384 1497 quibus

293 1519 363 1562 esset
374 1513 461 1573 ultius,
480 1512 592 1562 secundo
605 1511 719 1574 tertium,
735 1517 763 1561 et
782 1511 820 1561 its
856 1513 914 1561 olim
926 1519 1048 1576 tunqusur
1060 1513 1157 1576 laqueis
1168 1511 1218 1582 ιιιί,
1232 1511 1276 1575 qui
1293 1511 1383 1560 alleute

293 1586 427 1650 deinceps.
444 1589 519 1637 Idem.
857 1587 917 1636 rite
929 1587 1124 1636 insidiabuntur.
1144 1589 1286 1637 Parrsuniss
1297 1587 1324 1635 iu
1336 1587 1383 1636 Ae·

316 1661 481 1727 ’Ῑιιιιιίιιιιιιιῆ
499 1663 564 1713 eod.
584 1663 691 1714 Salmas.
708 1663 818 1713 ιἰιιίιιιιι-
855 1662 913 1710 tisis
925 1670 1000 1712 vocat
1011 1661 1195 1726 tpdrorddwsir
1206 1661 1303 1724 derisoris
1314 1662 1384 1724 ἔχον*

291 1743 355 1788 tum.
854 1753 892 1785 re.
921 1737 972 1786 Res
993 1736 1069 1788 budle
1091 1753 1141 1788 non
1163 1740 1304 1804 incognita.
1335 1737 1382 1789 Cet-¹

293 1831 296 1834 ·
324 1815 433 1871 Quolibet
449 1818 498 1865 loeo
506 1817 637 1880 pellicere]
654 1817 817 1867 Eseomoru
853 1812 919 1862 laub·
1325 1827 1327 1833 “
1378 1823 1381 1836 ·

291 1897 341 1950 est,
361 1891 428 1954 quod
448 1897 524 1941 notet
542 1891 643 1962 belinus
663 1892 695 1940 de
711 1890 818 1941 muliere
886 1887 1006 1939 orell.
1027 1891 1062 1940 Ut
1072 1891 1382 1956 quotiesqru'dspertersdrss

290 1963 379 2014 'tricies
399 1965 485 2028 enixa,
505 1980 520 2014 u
540 1967 664 2030 Pompeio
683 1965 817 2029 publlosta
852 1975 949 2024 motum
966 1965 1058 2026 publice
1079 1967 1200 2030 ederetur]
1228 1959 1382 2030 speersents'

289 2049 347 2086 oum
368 2051 417 2088 xx.
434 2039 538 2089 liberis:
565 2040 686 2104 quodque
708 2039 815 2088 Tacitus
853 2037 913 2085 olim
931 2036 1382 2101 edebsrrturiuUrbe,iu1tsliset

288 2111 356 2161 libro
367 2125 421 2161 xrs.
437 2113 531 2162 Annei.
544 2114 577 2163 de
594 2115 749 2164 Mithridate
767 2115 816 2164 Ar·
853 2111 879 2159 iu
887 2113 1035 2174 provinciis.
1053 2115 1087 2163 Et
1097 2116 1121 2164 iu
1131 2114 1202 2164 Urbe
1210 2113 1322 2179 quidem,
1332 2113 1382 2162 ulle

288 2187 381 2235 menlae
395 2201 456 2249 rege
471 2189 596 2252 captivo:
613 2189 726 2240 ‘Rostra
739 2190 816 2254 juxta
853 2187 878 2234 in
892 2187 1003 2249 tlreutro,
1014 2188 1063 2238 slis
1080 2189 1106 2238 iu
1126 2189 1205 2246 circo,
1224 2191 1273 2238 slis
1290 2190 1316 2238 iu
1329 2197 1381 2238 sus·

289 2259 440 2310 custodibus
459 2262 632 2313 circumdatus
645 2265 816 2328 viauipopulo
852 2261 1136 2326 pbltbestro,quuedum
1155 2265 1181 2312 iu
1200 2262 1255 2313 foro
1273 2263 1380 2328 aliisque

287 2335 453 2396 prebeturz'
482 2336 550 2401 qood
574 2337 642 2387 idem
668 2347 759 2402 postea
782 2340 815 2389 da
851 2335 913 2384 louis
933 2337 1052 2398 publicis.
1080 2339 1155 2389 Quod
1175 2351 1237 2402 ergo
1255 2339 1301 2393 sil,
1318 2345 1382 2387 ‘ua-

287 2411 433 2460 Caruotsco
449 2420 549 2461 narret.
579 2413 678 2462 Cusuub.
722 2415 815 2478 Μίιιιι·,ι
850 2409 946 2472 quem?
965 2411 1091 2474 quomodo
1111 2411 1282 2474 recipiemus?
1309 2411 1381 2462 Puto

286 2485 461 2550 'l'ranuillutu
477 2487 592 2536 omisisse
614 2488 814 2552 quadringentas
851 2483 883 2531 de
896 2484 976 2540 Urbe,
996 2485 1074 2534 little
1091 2493 1119 2534 ‘t
1135 2485 1381 2550 provintlitinltlll·

286 2557 379 2621 viginti
399 2560 539 2621 pantheras
560 2561 646 2611 Rom
672 2561 705 2612 ab
723 2563 814 2616 eodem
851 2557 977 2619 gendum:
997 2559 1022 2608 ld
1034 2561 1100 2609 euim
1118 2575 1226 2625 urguere
1241 2560 1379 2612 manifeste

286 2631 366 2682 fuisse
378 2641 540 2685 monstratas.
558 2635 675 2685 Bereuld.'
809 2657 812 2664 ,
850 2632 965 2696 rideturs
981 2634 1048 2699 quod
1067 2635 1142 2686 modo
1165 2635 1263 2687 dietum
1285 2645 1324 2686 est
1345 2637 1378 2686 de

322 2707 426 2773 Votlvt‘e]
450 2711 522 2762 Quos
545 2713 610 2775 ipse,
628 2720 753 2776 utsupra
773 2727 814 2762 os·
850 2710 986 2758 occasione
1005 2709 1070 2760 fsett
1092 2709 1191 2760 decreti
1213 2711 1298 2777 hujus,
1320 2727 1378 2778 qaue

285 2781 379 2846 tendit,
401 2792 507 2834 sereret
525 2785 585 2837 Jori
610 2785 676 2849 Opt.
698 2787 770 2836 Mes.
791 2785 813 2836 si
851 2781 969 2832 Puteolis
990 2783 1053 2832 datu
1072 2783 1140 2834 fuit:
1167 2792 1196 2834 et
1216 2786 1283 2850 quod
1304 2786 1377 2842 dicit.

286 2857 444 2922 Reipublieae
467 2867 548 2910 status
577 2869 635 2923 post
662 2862 762 2912 els'dem
786 2864 813 2913 iu
849 2859 971 2923 ‘quoties
997 2861 1059 2924 quid
1083 2861 1254 2924 spectandum
1277 2861 1378 2926 publice

286 2933 426 2984 Germanis
453 2944 589 3000 acceptum
613 2937 704 2988 melior
726 2937 812 2990 fuctus
850 2932 1377 3000 ederetur‚'detbeatroetseenieisgyul·

286 3016 365 3059 esset.
384 3009 471 3059 Sabell.
849 3009 964 3074 uicisque
984 3010 1049 3060 ludls
1067 3019 1112 3060 ιιιιι
1129 3012 1204 3060 rebus
1220 3011 1377 3060 admirandis

319 3083 421 3134 l'besror
439 3084 573 3147 dedeceret]
589 3084 620 3133 ld
640 3093 689 3147 est,
708 3086 813 3137 rebieu·
849 3079 1377 3149 quoespectsnd‘uproponebantur,mual-

284 3158 347 3214 luru,
366 3159 391 3208 in
412 3175 463 3222 qrro
485 3173 558 3208 surra
580 3159 694 3209 Circe-nsi
717 3175 811 3224 rrumps
848 3171 889 3207 me
901 3159 1076 3220 interpretors‘
1089 3173 1147 3208 uum
1165 3175 1195 3210 ea
1212 3169 1376 3214 aetsteextrs

284 3232 478 3298 deferebantur,
506 3235 624 3299 religiose
650 3245 810 3302 sequeretur.
848 3231 1377 3297 Romanumvenationemarlclrreu·

286 3307 360 3356 Idem.
848 3319 898 3355 ses.
915 3307 990 3356 idere.

318 3382 484 3431 commissione
509 3383 627 3446 luderem]
655 3382 699 3433 ste
719 3383 812 3447 virgil.
881 3382 1000 3446 Ceresue]
1028 3381 1094 3432 lude
1117 3383 1243 3434 llreatrum
1261 3384 1375 3451 eleganti

282 3455 335 3504 ‘Et
347 3455 410 3504 tube
418 3456 566 3505 commissos
584 3456 668 3505 medio
686 3459 755 3506 osuit
766 3472 810 3522 ag·
847 3455 963 3518 epitheto
971 3466 1109 3506 cuneatum
1120 3459 1215 3508 dieitur
1231 3475 1247 3510 s
1265 3463 1374 3526 virgilio

284 3541 346 3593 gere
365 3529 453 3578 ludus.'
470 3531 504 3578 Et
521 3529 684 3579 Macrobius:
700 3531 770 3581 ‘Sed
783 3539 811 3582 et
847 3531 891 3580 illo
903 3544 997 3580 versu:
1016 3533 1144 3583 ‘Cirnesti
1161 3535 1221 3585 bins
1233 3537 1293 3587 lats
1305 3538 1375 3587 lbos·

280 3602 417 3664 bobertus,
439 3605 556 3666 sequenti
581 3606 666 3654 stetim
693 3607 809 3656 summis·
846 3607 881 3656 tri
896 3605 1013 3655 Seditio.'
1047 3607 1077 3656 ln
1097 3609 1146 3658 alio
1164 3610 1311 3674 significatu
1328 3627 1373 3663 ou·

283 3681 365 3741 stoue,
384 3679 460 3727 ruimo
472 3693 537 3728 uoso
549 3680 680 3744 interjecit
695 3683 740 3731 bos
752 3695 809 3733 rer·
846 3695 908 3733 uerus
917 3693 957 3734 est
964 3684 1027 3734 urdo
1039 3685 1170 3737 militaris:
1188 3689 1277 3755 dequo
1289 3689 1373 3738 idem:

280 3753 344 3802 sus!
360 3752 473 3802 Berould.
505 3753 702 3805 Commissioues
712 3757 809 3820 gladie·
845 3759 975 3824 ‘Disjeeti
986 3761 1061 3810 cunei
1073 3761 1234 3829 desolatique
1250 3765 1374 3829 manipli:

280 3833 365 3876 torum
377 3827 538 3884 dleebsutur,
549 3843 607 3878 cum
623 3833 694 3892 puris
705 3847 808 3896 comps·
844 3834 878 3882 ab
896 3834 1007 3898 Aprileio
1026 3849 1075 3884 uou
1096 3837 1186 3887 inseite
1203 3841 1374 3890 ‘excuneati'

280 3905 415 3951 rebantur.
447 3903 490 3952 Sie
503 3905 511 3930 ‘
523 3906 684 3954 committere
694 3906 807 3957 unimos’
845 3908 916 3967 dieti,
935 3909 1026 3974 quibus
1045 3910 1150 3960 sedendi
1166 3913 1237 3963 loeus
1253 3928 1303 3964 nou
1322 3913 1372 3966 tute

282 3977 352 4040 saud
365 3977 482 4038 Ροὸιιιιι,
493 3985 535 4028 est
547 3979 643 4027 auirnus
653 3981 679 4029 iu
690 3983 809 4031 commis·
845 3983 870 4031 iu
887 3983 975 4031 cuneis
993 3982 1128 4036 confertis.
1146 3986 1259 4037 Berould·
1290 3989 1372 4040 'ibes-

279 4055 559 4103 siouemeleertameu
579 4050 718 4117 adducere,
736 4057 806 4106 etad
844 4058 878 4106 tri
899 4065 987 4120 pestes
1007 4067 1107 4108 veteres
1128 4075 1209 4112 esses
1229 4071 1256 4114 et
1271 4059 1369 4117 sedills'.

278 4129 475 4177 eontentioueur
508 4141 665 4192 comparare.
708 4131 807 4185 lbrueb.
845 4133 907 4184 Mox
919 4133 1012 4184 additis
1024 4134 1081 4184 sllls
1092 4135 1215 4188 sedilibus
1226 4137 1370 4203 altioribus,

281 4197 324 4251 Its
342 4203 427 4264 paullo
446 4211 520 4268 post:
538 4205 629 4258 ‘Quos
646 4206 724 4257 etiam
741 4221 807 4260 cour·
844 4213 970 4261 austerum
990 4225 1092 4275 quoque
1111 4225 1170 4262 usrrs
1190 4215 1321 4281 quesitus,
1341 4225 1369 4268 et
