3236 4902
566 431 598 477 o.
622 429 798 480 suetonii
822 433 981 484 ruoruu.
1230 417 1316 483 tota

228 567 340 633 indeque
350 570 482 618 honestam
495 566 603 619 faciunt.
618 571 693 620 Iden.
790 579 887 622 rentur.
920 573 963 622 lta
974 573 1075 624 Plinius
1088 572 1134 624 lib.
1145 585 1246 623 xxxiv·
1256 589 1279 622 c.
1290 577 1315 622 t.

175 705 182 718 ·
261 646 312 693 Per
337 644 492 706 murana]
525 644 587 708 Alii,
617 647 754 696 tntum.
788 649 947 704 ‘Scaurum’
971 649 1018 712 ait,
1034 651 1076 697 ‘in
1098 649 1223 697 netlllitnte
1245 648 1316 696 thet·

227 718 349 782 Surpicor
365 718 492 768 citerioris
511 719 644 782 Hiepanioe
662 721 752 771 barba·
789 729 856 772 trum
868 724 1052 786 temporarium
1063 721 1171 772 sociare*
1188 723 1264 772 Bera.

227 807 282 842 rum
294 793 402 856 aliquem
416 794 534 856 populum
546 795 665 858 intelligi,
679 797 753 859 cujnr
819 799 884 848 Pom
897 800 1037 863 apparetur]
1052 800 1096 848 Sic
1112 799 1201 860 legunt
1219 799 1316 848 carar-

226 865 319 929 opibut
330 868 481 918 abuteretur
495 869 557 918 Piro
575 871 600 916 in
617 871 693 919 rebur
708 885 752 920 uo·
788 872 878 936 bonna,
890 874 1049 934 ΤοιιοιιΙιιι,
1062 874 1115 935 ulii,
1126 881 1154 922 et
1168 873 1313 936 explicant,

226 944 331 993 vanrlir:
350 955 379 992 nt
393 942 481 994 llontte
495 947 581 995 Caerar
591 948 752 1010 Transpada·
787 948 813 997 id
825 948 893 1013 quod
904 948 987 998 fornnt
999 957 1026 998 et
1037 949 1168 997 comitium
1179 961 1230 998 non
1238 963 1315 1011 cepe·

225 1031 324 1069 nonrm-
355 1019 383 1067 Si
396 1018 422 1067 id
436 1033 488 1069 non
505 1029 554 1080 ert,
566 1028 642 1070 tuoto
653 1036 700 1084 per
710 1038 751 1072 nte
787 1033 837 1084 rat,
848 1025 978 1074 carerent
989 1027 1016 1072 ln
1028 1024 1168 1087 porticibur
1181 1025 1213 1072 nd
1225 1023 1251 1070 id
1268 1038 1314 1071 ex-

226 1095 574 1160 Lambranioleaporonlpmr
589 1100 691 1150 lambri
703 1099 751 1150 iln-
787 1100 1171 1163 tructiapopuloproporuirre.
1197 1097 1249 1147 Sed
1263 1098 1314 1147 Pa·

225 1171 308 1220 minin.
339 1173 439 1220 Mentiri
456 1174 512 1236 ejm
524 1182 618 1237 praeter
628 1175 752 1238 Plinium,
785 1175 921 1224 latinorum
933 1173 1055 1225 Codicum
1067 1174 1312 1225 conrenrorlndiea-

226 1245 305 1295 etiam
327 1246 395 1310 apud
421 1246 552 1296 Sidonium
576 1249 749 1313 Apollinarem
786 1257 828 1299 tna
851 1265 866 1299 a
888 1251 1013 1312 Grutero,
1031 1250 1105 1307 facit,
1122 1259 1150 1298 nt
1175 1249 1312 1312 praetorem
1363 1277 1366 1284 ·

226 1319 271 1368 lib.
282 1333 299 1369 t.
311 1324 384 1384 epirt.
396 1327 420 1371 b.
439 1323 538 1372 Caroeb.
786 1326 881 1374 eludam
891 1342 907 1375 a
917 1325 1016 1376 Jacobo
1025 1325 1180 1374 Bononiensi
1192 1324 1315 1387 suppedi-

231 1403 232 1408 ’
258 1395 350 1460 Morte]
366 1396 407 1444 De
418 1411 467 1461 qun
477 1397 573 1447 balurt.
584 1397 662 1448 Catil.
672 1412 696 1448 o.
710 1402 749 1448 19.
786 1408 866 1449 tetam
884 1400 1032 1456 lectionem,
1049 1414 1095 1462 por·
1112 1405 1250 1462 opponatur,
1264 1399 1312 1448 lroo

225 1467 300 1518 Bm·
784 1474 979 1535 ert‚nbnndanti
992 1475 1030 1524 illi
1041 1488 1125 1524 rerunt
1133 1473 1313 1537 oopiennolti·

257 1546 325 1598 Can.
336 1552 375 1598 lli.
387 1548 486 1613 AEdilir,
493 1553 582 1612 preter
591 1549 711 1600 cortiliani
721 1566 749 1600 ne
785 1551 874 1600 tudine
883 1559 910 1600 et
920 1551 1046 1614 elegantia
1055 1551 1221 1612 rcrpondenr.
1240 1549 1312 1598 Pnto

217 1620 313 1683 sanor]
331 1622 363 1670 Α.
379 1623 413 1672 U.
432 1622 462 1674 c.
479 1635 623 1674 ocecmtr.
639 1625 747 1688 Papyri·
784 1627 863 1686 enim,
878 1635 1031 1688 apparatum
1043 1627 1109 1674 hune
1126 1639 1220 1680 rernm,
1236 1637 1311 1688 rpec·

223 1709 253 1746 or
264 1697 359 1746 Curror
370 1711 402 1746 ea
413 1699 441 1748 S.
453 1699 483 1749 C.
495 1699 680 1764 trlnnrplmuitr
702 1715 749 1751 cn·
784 1702 891 1751 tantiam
904 1702 983 1751 oculir
994 1702 1019 1750 in
1029 1701 1170 1766 porticlbnr
1179 1701 1311 1764 exporito-

218 1769 263 1833 Jur
273 1771 393 1835 triumphi
403 1774 479 1837 longe
487 1775 622 1822 mariniani
634 1776 747 1838 speciem
783 1790 849 1832 rum,
867 1775 899 1826 ab
922 1776 965 1826 illa
983 1789 1066 1826 rerum
1085 1777 1160 1838 copia
1180 1775 1309 1824 divertunt

222 1847 326 1909 captiva
353 1861 425 1897 arma
451 1849 595 1912 praebuere.
623 1851 747 1902 'Tantum
782 1848 877 1900 suirrer
897 1857 976 1915 pront
985 1852 1064 1900 etiam
1075 1852 1101 1898 in
1112 1850 1187 1900 morlo
1197 1849 1310 1912 allegato

221 1921 421 1984 magnificentiae
433 1924 513 1974 uirnrn
526 1927 550 1974 in
562 1925 604 1985 iir,
615 1933 644 1975 nt
658 1935 747 1976 aurata
783 1925 849 1974 livii
860 1925 925 1980 loco,
936 1923 985 1973 fori
1001 1931 1134 1974 ornatura
1149 1923 1246 1972 tltenrir
1258 1937 1310 1971 car·
1355 1939 1357 1944 ’

221 2003 296 2048 ronta
313 1999 423 2048 dominio
439 2000 640 2063 argentariornm
655 2001 688 2050 ad
709 2001 747 2051 fo·
783 2005 891 2062 toroque
901 1997 1049 2062 triumpliali
1063 2011 1158 2062 pompa
1173 1995 1309 2061 dirtinpui·

222 2087 278 2126 torn
302 2074 444 2124 ornantium
471 2074 659 2138 dividerentur,
687 2077 747 2126 inne
782 2081 834 2123 tnr.
851 2073 926 2122 Iden.

220 2156 305 2197 natum
317 2150 417 2200 initium
429 2149 525 2200 dicitur
535 2150 585 2200 fori
595 2152 702 2203 ornandi
714 2154 747 2203 ab
816 2149 918 2198 Tm
951 2146 1058 2198 Cum
1089 2147 1223 2211 mimi]
1252 2146 1310 2196 ¹⁰¹⁰

220 2223 355 2289 AEdilibnr,
373 2235 431 2274 cunt
456 2226 554 2275 titanae
580 2225 746 2279 ducerentur.
781 2223 901 2273 Castorea
922 2222 986 2272 illoti
1007 2221 1118 2282 laminir,
1137 2236 1202 2287 qoor
1220 2221 1308 2274 (treet

222 2301 317 2351 liniue.
339 2302 746 2366 ScribitDlouyr.inut.ndileo
782 2296 1048 2362 rocrntnroomipom.
1084 2299 1181 2349 Notum
1198 2311 1232 2347 ex
1250 2298 1309 2348 Pil.

219 2376 351 2427 minirtror
362 2376 440 2428 tulere
451 2377 630 2443 Tribocorum,
640 2387 667 2430 ct
679 2393 746 2444 pene
782 2374 835 2437 nio,
850 2375 964 2425 Minutio
985 2373 1082 2432 Felice,
1098 2373 1225 2434 limonio,
1242 2373 1307 2423 aliir.

219 2453 297 2515 talea,
307 2455 395 2516 qualea
406 2461 466 2503 runt
477 2455 545 2518 apud
555 2455 664 2505 Grecor
676 2456 745 2520 Apo·
780 2457 809 2502 et
828 2450 866 2500 ita
885 2458 957 2499 recte
974 2457 1048 2500 retur
1069 2449 1206 2512 interpret,
1217 2449 1309 2500 Actor.

218 2529 335 2578 tanoni:
362 2543 467 2592 qnorum
489 2529 591 2579 mentio
617 2529 647 2580 lit
673 2531 742 2594 npurl
781 2530 854 2577 nib.
887 2526 931 2576 Sic
952 2525 978 2574 in
1002 2524 1133 2589 Euripidis
1156 2525 1260 2574 Electra
1272 2524 1308 2572 el·

219 2601 352 2666 Plautum,
369 2604 404 2652 ita
414 2604 568 2654 roribentem
580 2605 607 2654 in
617 2604 746 2672 (laminir,
781 2601 896 2664 librent,
916 2600 985 2665 quod
1003 2600 1092 2650 (¹⁰⁰⁰st
1111 2613 1157 2649 ¹1⁰¹
1177 2599 1310 2663 Jfflllflffl‘

216 2677 328 2726 ‘Mirum
340 2679 463 2736 alienent,
478 2679 526 2728 oiri
540 2679 659 2728 iecerunt
677 2681 744 2732 buno
779 2676 904 2740 Scaliger·
933 2675 1033 2724 Curb-
1078 2675 1196 2739 ceuceu]
1229 2675 1307 2738 Vulgi

218 2751 267 2802 ribi
301 2751 380 2802 AEtoll
410 2752 609 2817 egoranomnm?
634 2754 743 2804 lincoln.
780 2751 883 2817 quiriani
899 2751 1084 2814 appellatione.
1117 2752 1184 2801 Natu
1203 2761 1307 2802 autorea

218 2827 355 2878 Comitium
366 2837 408 2878 ert
418 2831 488 2879 locaa
500 2829 526 2879 in
538 2826 661 2893 soro,qao
672 2830 744 2880 coire
779 2826 908 2878 interrlmr
919 2827 1003 2876 aliter.
1036 2828 1104 2876 Eece
1115 2827 1255 2878 Suetonius
1267 2827 1305 2890 ip·

218 2903 356 2967 Equitibua
378 2904 498 2952 Romaolr
524 2912 552 2952 et
571 2904 670 2967 Populo
690 2905 743 2954 ilo·
780 2902 913 2963 ao,'l'iber.
934 2904 1009 2952 nlo.
1031 2901 1165 2952 ‘Pollucir
1179 2909 1206 2950 et
1218 2902 1307 2950 Certo·

218 2991 293 3026 mano
315 2978 393 3026 licet:
418 2977 454 3026 ele
475 2976 572 3040 dictur,
594 2979 661 3042 quoti
682 2980 743 3030 illoc
780 2976 922 3026 riaadern'
935 2983 1018 3026 vocat.
1037 2976 1307 3028 Cicerol'err·v.onb

217 3052 323 3102 coibant
344 3052 454 3102 comitile
475 3052 593 3116 curioni,
612 3061 640 3103 et
659 3054 742 3104 litium
778 3053 822 3103 lin.
840 3053 982 3114 ‘templum
1002 3052 1115 3102 cartorio
1137 3057 1165 3101 et
1179 3052 1304 3115 Pollnoir,

216 3138 317 3180 cauare.
327 3130 420 3179 Varro.
442 3131 476 3180 Et
487 3130 545 3181 vide
553 3129 629 3180 Alex.
639 3131 742 3183 (leniri.
779 3126 1306 3191 cuebentnointoeoprerorittooaton:

216 3205 287 3255 Dier.
298 3206 342 3257 lib.
351 3219 391 3256 tv.
400 3221 424 3256 o.
436 3209 461 3255 t.
779 3205 879 3255 Plinius
887 3217 915 3254 x.
924 3217 947 3253 c.
955 3206 996 3252 at.
1004 3204 1197 3252 crannonem.
1207 3198 1306 3250 ‘erlem

248 3283 425 3347 Basilicaeque]
442 3283 556 3333 llarilica
573 3285 679 3347 proprie
691 3284 743 3348 alp·
778 3277 930 3330 Cartornm'
947 3284 1031 3334 vocat,
1045 3289 1103 3326 eum
1114 3277 1207 3339 injuria
1217 3283 1304 3326 tamen

215 3357 304 3409 nificat
321 3361 414 3423 locum,
431 3360 456 3408 in
475 3373 525 3423 quo
543 3358 742 3421 negotiationea,
778 3357 956 3419 alarionem
969 3353 1046 3403 alterl
1064 3361 1162 3402 tantum
1179 3351 1204 3402 ἰιι
1222 3353 1304 3402 norni-

216 3444 244 3484 et
255 3437 406 3498 concilicet
419 3435 520 3499 jndieia
535 3437 739 3486 exercebantur:
778 3433 818 3480 nir
833 3429 922 3480 inerit.
957 3431 1036 3480 Porro
1053 3429 1154 3493 qnando
1175 3433 1204 3478 et
1223 3442 1306 3493 quaro

215 3510 363 3576 dictaqnnal
376 3511 457 3574 regia.
482 3512 580 3562 Plininr
592 3513 617 3560 in
630 3513 740 3575 Epirtot.
777 3519 836 3556 cnm
849 3502 1119 3566 inremuneratum
1135 3501 1215 3552 fuerit
1232 3503 1304 3552 melea

216 3588 314 3652 inquit:
330 3587 540 3638 ‘Deaocoderoni
561 3589 588 3636 in
611 3588 739 3638 balticum
777 3581 821 3630 illa
832 3579 957 3635 cantorie,
967 3592 983 3628 e
995 3579 1068 3628 Livio
1080 3577 1200 3628 olitoimnr
1216 3577 1261 3628 lib.
1272 3591 1306 3629 ιι.

214 3664 318 3720 lutiam
344 3664 477 3714 anditnrna
501 3663 593 3728 quibua
625 3663 740 3726 proxima
776 3653 1021 3708 cromatia-m.
1038 3653 1116 3703 Bon.

214 3739 485 3802 comperendinatione
494 3736 650 3801 respondere
661 3737 740 3788 debe-
811 3730 987 3781 Gladiatorium
1002 3729 1096 3792 muru]
1111 3729 1143 3778 ln
1154 3743 1215 3794 qno,
1232 3731 1301 3778 omni

214 3813 292 3863 bem.'
323 3813 397 3862 idern
414 3813 474 3863 alibi
491 3813 740 3876 centumviraliaju·
775 3807 1014 3873 apparatolnarenoe
1025 3813 1150 3869 argenteo
1168 3819 1227 3854 naor
1243 3813 1302 3855 erte

213 3889 282 3939 dicia
298 3887 396 3938 indicat
413 3889 438 3937 in
456 3887 562 3939 barilion
578 3886 634 3936 lieri
656 3888 738 3938 rollta.
775 3884 844 3950 qaotl
854 3882 898 3932 alli
910 3890 1001 3945 portea
1017 3881 1121 3930 inritati.
1151 3881 1235 3931 Tertir
1246 3880 1302 3930 Pli-

213 3962 394 4014 Jurlroonanlti
405 3963 445 4013 tit.
456 3963 489 4012 de
499 3964 571 4013 verb.
587 3963 664 4027 obllp.
675 3963 739 4014 beal-
775 3960 832 4010 nina
844 3959 890 4008 lib.
902 3969 1008 4008 xxrrrr.
1019 3971 1043 4007 e.
1053 3961 1077 4006 a.
1087 3971 1120 4006 m.
1128 3963 1156 4006 et
1167 3957 1211 4006 lib.
1219 3968 1265 4006 xv.
1276 3969 1302 4006 c.

212 4037 288 4087 licarn
300 4039 408 4102 publicio
419 4038 507 4087 nrlbnr
519 4039 738 4090 accommodum
776 4040 816 4087 18.
833 4030 961 4084 ‘Munna'
977 4039 1063 4082 autern
1083 4038 1171 4082 norter
1190 4031 1233 4081 bic
1255 4045 1300 4094 ap·

212 4126 270 4163 aare
282 4115 469 4165 deatoortrant.
487 4115 601 4168 Bupalo.
775 4112 857 4176 pellat
875 4109 1061 4174 rpectaoulnrn,
1079 4121 1125 4157 aon
1140 4107 1239 4170 ludum,
1255 4109 1299 4172 qni

244 4187 286 4237 Ari
306 4188 407 4252 temper]
433 4189 618 4253 Temporarlir,
640 4189 738 4240 tamdiu
775 4188 873 4253 popnlo
895 4185 966 4250 qnarl
991 4183 1103 4234 monerio
1125 4183 1181 4232 loco
1197 4183 1301 4236 exbibe-

213 4261 352 4330 daratnrir,
365 4265 447 4318 donec
464 4266 612 4331 opertaenla
630 4279 737 4332 perape-
774 4271 826 4328 tor,
852 4269 882 4317 ot
907 4275 959 4327 quo
986 4259 1169 4313 oblectamenti
1196 4273 1302 4326 genere,
