3166 4904
554 384 791 438 r.rsanur11
817 387 916 438 vira.
1192 370 1278 440 1117

281 531 429 609 Quorum
445 549 548 612 opera
560 532 594 594 iu
610 532 712 604 bello,
728 531 760 594 in
774 531 858 608 ctio,
873 532 908 596 in
921 531 1063 612 negotio,

277 633 347 697 Suo
359 634 500 715 quisque
515 639 662 715 ternpore
674 651 757 696 usus
772 635 909 698 estsine
926 631 1094 714 superbia.

192 731 333 796 Videtur
348 739 461 798 autem
477 734 631 799 selerias
644 735 843 812 defendisse,
861 735 942 817 quia
957 734 1097 806 sciebat,
1118 729 1224 796 Latio
1239 737 1276 796 et

191 833 338 914 Scipioni
364 851 429 896 non
444 834 604 914 ingratam
622 854 697 898 esse
722 834 807 898 banc
831 836 1042 917 opinionem:
1063 853 1140 917 quae
1165 839 1276 900 tamen

191 934 294 1014 magis
324 941 360 996 et
394 953 501 1016 usque
532 935 573 998 ad
603 937 788 1017 posteriora
811 942 960 1019 tempora
984 936 1099 999 valuit
1145 933 1206 1016 [3.]
1230 933 1276 1012 Q·

190 1031 371 1096 Memmius
396 1034 429 1096 in
455 1035 607 1098 oratione
631 1054 691 1117 pro
712 1055 750 1098 se
766 1037 834 1100 ait:
867 1041 876 1072 ‘
889 1035 930 1098 Ρ.
954 1034 1145 1109 Africanus,
1168 1035 1226 1114 qui
1252 1053 1274 1098 a

188 1135 346 1200 Terentio
361 1154 536 1216 personam
551 1141 733 1212 mutuatus,
756 1155 833 1220 quae
858 1136 946 1203 domi
964 1137 1085 1200 luserat
1110 1137 1192 1218 ipse,
1214 1154 1274 1198 no·

190 1237 277 1298 mine
290 1235 377 1302 illius
393 1237 426 1298 in
439 1255 570 1300 soonam
583 1235 723 1300 detulit.¹
766 1236 884 1320 Nepos
899 1242 1033 1302 auctore
1048 1233 1162 1312 certo⁶
1185 1255 1275 1298 coru-

189 1337 316 1418 perisse
330 1355 367 1398 se
380 1337 438 1410 ait,
452 1334 490 1397 G.
506 1334 647 1400 Latium
671 1334 837 1418 quondam
856 1335 887 1396 in
904 1335 1090 1401 Puteolano
1106 1333 1273 1402 Kalendis

189 1436 323 1500 Martiis
347 1434 547 1504 admonitum
563 1437 607 1498 ab
630 1453 747 1512 uxore,
767 1436 952 1518 temporius
977 1442 1014 1500 ut
1039 1435 1272 1512 discumberet,

188 1537 325 1616 petiisse
340 1537 383 1600 ab
398 1554 450 1612 ea,
465 1555 507 1597 ne
522 1534 798 1617 interpellaretur:
821 1536 927 1602 serius
942 1535 1074 1600 tandem
1089 1537 1273 1616 ingressura

188 1636 362 1699 triclinium
379 1636 517 1711 dixisse,
532 1654 600 1698 non
615 1653 707 1718 serpe
718 1635 938 1700 inscribendo
949 1639 1054 1716 magis
1065 1638 1272 1699 successisse

188 1735 274 1799 sibi:
289 1735 405 1799 deiude
416 1743 579 1817 rogatum,
595 1741 632 1801 ut
643 1737 769 1818 scripta
783 1736 843 1800 illa
853 1735 1023 1818 proferret,
1038 1736 1272 1818 pronuntiasse

187 1853 314 1910 versus,
330 1837 385 1916 qui
402 1842 477 1899 sunt
490 1837 524 1899 in
539 1833 912 1902 Heautontimorumeno
929 1857 937 1894 :

230 1935 324 1998 Satis
347 1937 403 2017 pol
418 1944 570 2017 proterve
584 1953 637 1998 me
660 1934 734 2018 Syri
758 1936 924 2018 promissa
937 1935 1004 2000 huo
1018 1937 1229 2000 induxerunt.

227 2033 289 2116 [4.]
312 2035 455 2100 Santra⁷
477 2036 668 2100 Terentium
684 2036 866 2112 existimat,
887 2038 917 2100 si
939 2035 1041 2102 ruodo
1054 2037 1087 2098 iu
1099 2035 1272 2100 scabendo

188 2135 399 2217 adjutoribus
422 2137 609 2218 indiguerit,
634 2154 701 2198 nou
715 2143 781 2199 tam
797 2137 954 2220 Scipione
969 2143 1003 2200 et
1017 2137 1122 2200 Lrelio
1141 2137 1188 2198 uti
1211 2155 1272 2217 po·

186 2237 301 2312 tuisse,
317 2237 374 2319 qui
387 2241 465 2300 tuuc
480 2236 719 2300 adolescentuli
740 2237 842 2314 fuere,
868 2256 969 2319 quam
993 2235 1145 2318 Sulpicio
1159 2234 1271 2310 Gallo,

187 2336 319 2399 bomine
339 2335 450 2411 docto,
473 2337 582 2418 etqui
604 2336 855 2400 consularibus⁸
888 2337 980 2400 ludis
1001 2337 1133 2399 initiam
1157 2336 1271 2399 iecerit

187 2437 373 2499 tabularum
389 2436 592 2501 dandarum:
616 2437 668 2500 vel
687 2435 731 2516 Q.
746 2435 855 2499 Fabio
871 2435 1039 2510 Labeone,
1061 2440 1094 2497 et
1110 2432 1160 2496 Μ.
1202 2433 1268 2497 Ρο-

188 2536 308 2618 pillio,⁹
337 2537 504 2600 consaluri
533 2543 686 2618 utroque,
721 2555 762 2601 ac
795 2535 909 2618 po'e'ta.
955 2535 1039 2600 ldeo
1057 2537 1168 2616 ipsum
1203 2525 1270 2600 nou

181 2636 321 2717 juvenes
344 2635 545 2717 designasse,
566 2637 673 2720 quise
696 2636 900 2716 adjuvisse¹⁰
921 2635 1126 2712 dicerentur3
1148 2633 1205 2698 sed
1219 2635 1269 2700 ri·

185 2755 251 2811 ros,
276 2756 414 2818 quornm
437 2754 574 2818 operam
596 2740 629 2798 et
647 2735 681 2796 in
697 2734 796 2810 bello,
820 2745 854 2796 et
875 2734 910 2797 in
934 2736 1018 2810 otio,
1042 2741 1075 2798 et
1088 2733 1124 2796 iu
1137 2735 1270 2812 negotio

185 2835 333 2917 populus
366 2837 410 2898 sit
433 2843 604 2916 expertus.
648 2835 733 2898 Post
765 2834 874 2898 editus
903 2833 1096 2908 comoedias,
1121 2833 1269 2896 nondum

185 2937 452 3016 quintumatque
467 2936 668 2998 tricesimum
683 2953 834 3014 egressus
844 2954 973 3008 amum,
989 2953 1092 2998 cause
1105 2931 1269 2996 evitandas

186 3033 363 3115 opinionis,
379 3033 481 3116 quia¹
505 3034 678 3098 videbatur
692 3035 800 3100 aliena
822 3053 883 3118 pro
906 3035 977 3098 suis
991 3033 1098 3105 edere,
1115 3049 1176 3096 seu
1197 3049 1269 3112 per·

186 3133 331 3216 cipieodi
357 3133 547 3198 Graecorum
571 3134 734 3210 instituta,
757 3154 942 3217 moresque,
958 3151 1044 3216 quos
1064 3129 1198 3214 perinde
1211 3147 1270 3196 ex·

187 3235 338 3314 primeret
353 3235 385 3296 io
410 3235 556 3317 scriptis,
571 3252 724 3317 egressus
744 3235 871 3298 Urbem
896 3240 974 3310 est?
995 3251 1104 3318 neque
1125 3231 1268 3312 euplius

186 3331 293 3396 rediit.
336 3333 390 3398 De
405 3343 510 3398 morte
524 3335 599 3418 ejus
614 3335 792 3400 Volcatius
807 3335 921 3400 tradit:
1054 3391 1056 3398 .

291 3433 356 3496 Sed
380 3443 419 3498 ut
433 3433 515 3498 Aser
538 3455 600 3500 sex
614 3437 746 3520 populo
760 3435 865 3500 edidit
878 3433 1075 3509 comaediae,

291 3534 359 3599 Iter
373 3536 449 3599 hinc
462 3539 495 3599 in
509 3535 628 3600 Asiam
642 3537 734 3601 tecit.
779 3536 903 3600 Navim
919 3554 997 3598 cum
1009 3532 1111 3595 semel

291 3634 505 3716 Conscendit,
520 3638 789 3721 visusnunqnam
806 3642 867 3700 est.
913 3637 969 3699 Sic
982 3635 1053 3698 vitu
1064 3641 1172 3697 vacat.

184 3917 268 3988 lenius,
279 3927 337 3976 dein
350 3929 426 3978 etiam
438 3929 499 3992 quoa
509 3927 544 3977 itt
554 3929 690 3992 placet—ti
707 3925 856 3978 suavus
875 3927 956 3989 Cario,
975 3935 1001 3974 et
1016 3923 1086 3976 infra
1100 3929 1161 3996 tem¹
1191 3921 1196 3934 “
1227 3943 1267 3970 .-

185 3997 232 4042 -7
248 3991 321 4040 Sotru
339 3991 405 4040 Edd.
423 3993 497 4040 Vetr.
518 3995 564 4042 red
585 3993 648 4042 Ven.
668 3991 819 4040 omittit-e
836 3993 934 4042 Muret.
956 3991 1029 4052 legit,
1051 3989 1142 4035 Coum
1153 3986 1212 4045 aas,
1232 3983 1266 4034 Τ.

186 4055 422 4106 subarescente
450 4055 503 4104 Pro
515 4057 590 4118 etqui
604 4057 654 4104 Ms-
667 4055 847 4120 lindenbrogii
859 4055 982 4116 saiw-9
1000 4051 1066 4102 Edd.
1078 4051 1151 4098 Vett.
1171 4049 1267 4108 Pompi-

186 4119 228 4168 tu.
256 4118 297 4168 ΑΙ.
308 4127 368 4170 ants
381 4119 450 4168 Oud.
463 4119 630 4182 Popilia-tu
646 4118 713 4170 Edd.
724 4119 796 4166 vett.
815 4119 993 4178 adarna—l
1013 4116 1083 4164 Hire
1097 4112 1200 4160 volabat
1210 4125 1266 4173 eru.

189 4185 239 4232 -2
257 4183 354 4234 netum
373 4181 433 4234 Uri.
449 4189 483 4232 ert
501 4183 567 4234 Edd.
582 4184 657 4232 Vett-
688 4181 814 4236 Exhibuit
833 4181 897 4233 Urbe
918 4183 983 4232 Dan.
1003 4177 1094 4232 lleins.
1116 4175 1265 4240 probantib.
