3166 4904
278 371 364 439 1158
684 381 976 434 ruscsrrrrortus

163 593 170 604 ,
277 527 673 617 Aug.Ti.JulioCaesari
685 529 773 613 Aug.
784 529 989 615 Tiberioque
1000 527 1143 595 Claudio
1155 529 1281 595 Caesari
1292 532 1382 614 Aug.

278 634 494 701 Germanico.
518 632 644 716 Utique
659 632 690 696 ei
707 630 866 698 Senatum
889 633 1022 710 babere,
1044 631 1239 697 relationem
1259 633 1382 712 iacere,

277 737 443 802 remittere
459 735 764 801 senatusconsulta
778 754 838 818 per
854 733 1050 800 relationem
1075 735 1382 821 discessionemque

277 840 388 904 lacere
399 839 512 916 liceat,
527 839 576 902 ita
590 838 642 902 uti
657 837 752 902 licuit
771 837 857 902 Divo
874 836 961 920 Aug.
976 837 1135 905 Ti.Julio
1148 836 1277 902 Caesari
1292 835 1381 922 Aug.

276 941 332 1006 Ti.
347 941 490 1006 Claudio
505 940 635 1006 Caesari
652 940 740 1024 Aug·
757 941 968 1005 Germanico.

277 1129 406 1216 Utique
429 1149 505 1196 cum
526 1149 569 1194 ex
595 1131 768 1195 uoluntate
791 1131 1045 1208 auctoritateve,
1060 1131 1163 1212 jussu
1177 1129 1381 1195 mandatura

276 1231 362 1316 ejus,
378 1239 588 1316 praesentare
610 1252 652 1297 eo
669 1232 815 1297 Senatus
836 1233 1025 1310 habebitur,
1043 1233 1188 1296 ornnium
1203 1251 1307 1297 rerum
1324 1233 1383 1316 jos

276 1336 417 1419 perinde
442 1333 617 1412 habeatur,
645 1341 806 1412 servetur,
829 1353 869 1399 ac
894 1335 923 1398 si
946 1353 964 1397 o
986 1335 1059 1416 lege
1083 1333 1229 1398 Senatus
1252 1333 1383 1400 edictas

277 1444 371 1503 esset
384 1439 642 1522 habereturque.

277 1623 405 1710 Utique
421 1648 508 1711 quos
522 1628 764 1711 magistratum,
789 1631 1004 1712 potestatem,
1030 1625 1219 1708 imperium,
1239 1625 1385 1689 curatio-

276 1747 407 1808 nemve,
429 1729 527 1814 cujus
549 1730 596 1795 rei
617 1735 769 1813 petentes
791 1729 927 1794 Senatui
950 1728 1147 1814 populoque
1167 1726 1268 1792 Rom.
1290 1747 1383 1793 corn-

275 1830 495 1911 meudaverit,
518 1833 712 1918 quibusque
740 1833 1010 1914 suffragationem
1034 1851 1129 1897 snam
1149 1829 1287 1908 dederit,
1303 1850 1383 1914 pro·

276 1933 415 2011 miserit,
448 1955 566 2001 eorum
603 1935 747 2020 comitls
776 1936 969 2020 quibusque
998 1940 1093 2000 extra
1120 1931 1267 1997 ordinem
1295 1933 1383 1998 ratio

276 2033 450 2102 habeatur.

278 2223 407 2310 Utique
423 2227 455 2291 ei
477 2227 558 2292 lines
582 2226 729 2291 Pomerii
753 2227 912 2311 proferre,
935 2244 1140 2311 promovere,
1162 2243 1238 2288 cum
1254 2244 1300 2288 ex
1315 2224 1385 2290 Re·

276 2328 415 2410 publica
447 2331 600 2395 censebit
629 2349 721 2409 esse,
746 2329 860 2406 liceat,
887 2331 937 2393 ita
963 2329 1011 2392 uti
1034 2326 1134 2391 licuit
1155 2327 1211 2390 Ti.
1236 2326 1383 2392 Claudio

277 2429 407 2495 Caesari
418 2431 507 2515 Aug.
524 2432 736 2497 Germanico.
782 2431 908 2515 Utique
929 2449 1141 2515 quaecuuque
1163 2449 1208 2493 ex
1223 2449 1287 2494 usu
1303 2429 1384 2495 Rei-

276 2532 437 2615 publicae,
466 2532 648 2617 Majestate
678 2530 877 2610 divinarum,
905 2533 1136 2610 humanarum,
1161 2531 1383 2615 publicarum,

276 2631 551 2718 privatammqne
576 2653 685 2698 rerum
712 2610 789 2699 esse
813 2633 980 2712 censebit,
1006 2634 1037 2697 ei
1060 2653 1167 2716 agere,
1191 2634 1302 2699 iacere
1322 2635 1383 2720 jus

276 2740 501 2819 potestasque
518 2737 575 2814 sit,
591 2737 639 2801 ita
651 2736 696 2802 uti
717 2735 805 2800 Divo
821 2734 911 2818 Aug.
928 2736 1131 2820 Tiberioque
1146 2735 1169 2800 J
1172 2737 1239 2801 ulio
1253 2736 1384 2804 Caesari

278 2833 367 2920 Aug.
382 2837 584 2924 Tiberioque
600 2838 747 2904 Claudio
765 2839 851 2922 Aug.
867 2837 1071 2903 Germanico
1088 2839 1161 2903 tuit.

277 3023 416 3111 Utique,
431 3029 553 3112 quibus
566 3028 698 3111 legibus
711 3028 867 3111 plebeive
882 3027 975 3091 scitis
990 3027 1152 3109 scriptum
1168 3027 1243 3104 fuit,
1262 3047 1303 3092 ne
1320 3027 1383 3093 Di-

276 3147 341 3195 vus
357 3130 447 3212 Aug.
463 3131 664 3196 Tiberiusve
679 3129 791 3194 Julius
805 3129 921 3194 caesm
937 3128 1025 3211 Aug.
1042 3129 1264 3214 Tiberiusque
1280 3129 1382 3196 Clau·

277 3233 353 3296 dius
367 3230 486 3296 Caesar
501 3231 588 3314 Aug.
602 3229 823 3296 Germanicus
838 3237 1037 3308 tenerentur,
1056 3231 1099 3296 iis
1116 3231 1244 3314 legibus
1259 3233 1382 3316 plebis-

276 3353 345 3418 que
360 3333 456 3398 scitis
467 3333 554 3417 Imp.
565 3333 684 3399 Caesar
696 3331 933 3416 Vespasianus
950 3335 1084 3400 solutus
1095 3335 1161 3415 sit;
1176 3355 1320 3419 quaeque
1337 3356 1379 3399 ex

278 3456 415 3522 quaque
441 3436 526 3520 lege,
552 3437 728 3519 rogatione
750 3437 877 3502 Divum
902 3438 991 3520 Aug.
1012 3436 1229 3502 Tiberiumve
1254 3436 1381 3502 Julium

277 3539 450 3605 Caesarem
464 3537 554 3622 Aug.
568 3538 786 3606 Tiberiumve
807 3540 988 3606 Claudium
1014 3541 1180 3605 Gaesarem
1197 3540 1283 3624 Aug.
1300 3541 1382 3606 Ger·

276 3641 446 3708 uranicum
461 3641 572 3706 facere
587 3643 749 3726 oportuit,
763 3663 804 3710 ea
818 3645 932 3710 omnia
954 3643 1044 3742 Imp.
1061 3641 1150 3708 Caes.
1167 3641 1381 3725 Vespasiano
1493 3634 1498 3643 “

276 3745 368 3827 Aug.
384 3743 494 3810 facere
506 3745 615 3810 liceat.

279 3931 405 4017 Utique
421 3953 630 4018 quaecunque
653 3941 731 4000 ante
757 3936 843 4000 hanc
868 3937 973 4019 legem
998 3942 1147 4016 rogatam
1171 3941 1261 4014 acta,
1276 3941 1381 4019 gesta,

277 4035 425 4112 decreta,
441 4037 608 4122 imperata
620 4039 663 4103 ab
680 4038 890 4123 Imperatore
906 4037 1041 4104 Gaesare
1056 4037 1275 4121 Vespasiano
1290 4035 1380 4118 Aug.

271 4137 372 4222 jussu
384 4137 581 4205 mandatura
593 4139 668 4224 ejus
685 4161 855 4226 equoque
872 4148 964 4220 suut,
980 4161 1022 4206 ea
1036 4140 1172 4224 perinde
1183 4140 1277 4224 justa
1292 4140 1381 4206 ra'tu-

277 4255 344 4324 que
359 4241 425 4307 siut
439 4241 520 4307 acsi
535 4242 653 4328 populi
669 4243 821 4327 plebisve
831 4243 932 4328 jussu
948 4252 1024 4310 acta
1040 4251 1160 4310 essent.
