3166 4904
594 447 839 498 FRAGMENTA.

262 585 417 670 Toorr'cru,
433 587 617 666 ἔξοτῖνασσου,
633 589 784 670 brimeu,
800 587 916 655 inirem.
1003 615 1013 636 ·

261 691 409 772 Kal-rapo
424 691 472 753 nul
486 692 518 755 τὸ
534 690 647 783 ὄργανον
660 693 736 756 ἅπαν
751 692 869 756 ἐκάλουν
883 698 976 756 τοῦτο.

253 793 308 858 *Au
323 792 368 859 οὖν
379 793 528 880 πλάστιγξ
542 801 578 879 τῇ
593 800 665 880 φορᾷ
681 795 834 881 κατίρῤεψο
847 801 895 858 τοῦ
912 793 993 874 olleo,

161 925 164 937 ·
262 896 320 959 Kal
333 898 381 961 rlr
392 901 485 977 μουοῖυ
498 901 535 970 εἰς
549 901 673 979 κεφαλὴν
689 895 780 980 ἤχησε
796 900 972 981 κοκρουκυῖοο,

161 1017 165 1024 ’
216 1027 220 1038 ·
258 1001 293 1060 Ι0
308 1002 460 1086 οοοομοοοτῆς
474 1002 702 1083 συγκυμαυτοοῖς
719 997 801 1060 ἐδόκει
817 1005 873 1062 τὸου
887 995 1030 1084 γενναίων,

261 1104 297 1164 Ei
311 1103 331 1162 δ’
347 1103 389 1180 οὐ,
401 1102 489 1164 τολὺν
503 1099 672 1182 ἐλάμβανον,
687 1102 723 1175 οἷς
738 1099 861 1177 ἀσθενὴς,
876 1100 922 1164 riv
935 1097 1037 1184 γέλοιον.

442 1311 568 1376 Servius
583 1312 616 1374 iu
638 1327 694 1376 111.
711 1308 933 1396 Georgicorum
948 1311 1001 1376 24.

218 1444 321 1530 Apud
346 1446 489 1531 majores
518 1447 638 1512 theatri
667 1447 789 1530 gradus
819 1453 948 1513 tantum
977 1443 1119 1510 suerunt.
1174 1445 1265 1510 Nam

175 1567 279 1612 scena
305 1547 348 1612 de
371 1549 463 1630 ligno
487 1553 616 1614 tantum
638 1550 681 1613 ad
703 1556 834 1632 tempus
857 1547 974 1625 fiebat,
994 1549 1082 1612 uude
1101 1546 1266 1632 hodieque

173 1649 357 1732 permansit
371 1649 588 1729 cousuetudo,
599 1656 639 1715 nt
653 1655 897 1735 componantur
911 1656 1071 1732 pegmata
1082 1668 1103 1713 a
1113 1649 1266 1712 ludorum

173 1749 381 1814 theatralium
397 1749 592 1816 editoribus.
635 1752 743 1848 Scene
762 1759 884 1828 autem,
901 1771 975 1834 quoe
992 1750 1105 1828 fiebat,
1121 1758 1180 1814 aut
1195 1755 1265 1814 ver'-

174 1850 246 1914 silis
260 1857 341 1929 erat,
357 1859 418 1916 aut
435 1850 586 1916 ductilis.
630 1851 771 1916 Versilis
787 1859 865 1916 tunc
877 1859 963 1928 erat,
980 1871 1053 1914 cnm
1068 1852 1182 1916 subito
1197 1855 1267 1915 tota

81 1971 94 1992 ·
131 2003 136 2012 .
173 1951 337 2016 machinis
347 1953 547 2036 quibusdam
560 1955 826 2030 convertebatur,
838 1959 870 2017 et
880 1951 983 2017 aliam
995 1953 1134 2035 picturae
1148 1952 1266 2016 faciem

174 2052 382 2119 ostendebat.
428 2053 574 2130 Ductilis
600 2062 691 2131 tunc,
706 2075 782 2119 curn
803 2055 922 2119 tractis
946 2054 1108 2118 tabulatis
1130 2054 1194 2117 hac
1216 2061 1267 2118 at-

132 2227 139 2240 ,
176 2173 243 2238 que
257 2154 337 2218 illac
356 2155 488 2240 species
510 2157 651 2238 picturae
673 2155 861 2228 nudabatur
880 2154 1027 2219 interior.
1072 2153 1170 2220 Unde
1191 2175 1266 2238 per-

174 2255 224 2318 ito
247 2263 422 2339 utrumque
447 2257 568 2339 tetigit,
583 2257 711 2334 (licens,
735 2255 879 2320 ‘Versis
903 2255 1056 2320 discedat
1078 2254 1266 2332 frontibus,’

161 2355 308 2436 ¹singule
327 2357 465 2438 siugulis
481 2358 709 2440 complectens
732 2357 948 2430 sermonibus.
992 2354 1094 2434 Quod
1111 2356 1217 2422 Varro
1233 2364 1267 2420 et

174 2455 353 2528 Suetonius
369 2467 641 2523 commemorant.
697 2457 719 2508 '·
881 2459 884 2466 ’
1119 2459 1122 2466 ’

461 2667 467 2672 “
493 2655 580 2720 ldcm
601 2655 635 2722 iu
659 2672 691 2719 ν.
711 2652 857 2724 AEneidos
877 2654 954 2720 602.

220 2788 267 2853 Ut
285 2789 332 2852 ait
352 2786 533 2852 Suetonius
547 2787 779 2870 Tranquillus,
801 2791 812 2822 ‘
828 2787 939 2850 Lusus
953 2787 1038 2869 ipse,
1053 2807 1151 2869 quom
1167 2786 1267 2868 vulgo

175 2889 392 2973 Pyrrhicbam
409 2887 588 2969 appellant,
603 2887 707 2970 Troje
722 2881 892 2952 vocatur:>
913 2885 1008 2970 cujus
1031 2887 1190 2969 originem
1210 2907 1267 2950 ex-

121 3061 125 3068 ,
173 2988 301 3075 pressit
315 2989 347 3050 in
362 2986 447 3050 libro
464 2985 506 3049 cla
520 3003 697 3068 puerorum
711 2985 866 3050 lusibus}

444 3184 497 3252 De
520 3185 610 3282 vitiis
633 3161 864 3269 corporalibus
888 3185 1001 3266 Liber.

489 3333 615 3396 Seruius
635 3333 669 3397 iu
688 3331 837 3419 Eulogum
856 3351 911 3399 111.
925 3335 957 3399 8.

220 3468 344 3552 Hirqui
366 3475 478 3533 autem
504 3472 581 3531 suut
600 3467 772 3532 oculorum
796 3469 922 3549 anguli,
943 3467 1125 3534 secundum
1148 3467 1265 3534 Sueto·

177 3569 268 3634 nium
281 3567 525 3653 Tranquillum,
539 3571 572 3632 iu
587 3569 680 3634 vitiis
696 3569 936 3651 corporalibus.

478 3750 618 3816 Isidorou
637 3753 804 3838 Originum
828 3750 903 3818 Lib.
919 3771 975 3818 111.

222 3888 257 3952 N
259 3907 313 3966 am
341 3887 422 3954 birci
459 3873 537 3957 suut
566 3889 761 3972 oculorum,
777 3889 901 3972 anguli,
932 3889 1115 3985 secundum
1146 3886 1267 3952 Sueto-

162 3988 355 4067 .ninm,&c.
779 4011 781 4016 ·

212 4159 226 4203 l
243 4155 382 4206 ‘Fortasse
403 4155 539 4220 legendum
558 4159 587 4206 cle
607 4157 703 4206 Groero·
745 4159 819 4210 tatb.'
837 4159 937 4208 Cmual.

180 4245 233 4280 run
244 4229 332 4281 laribus
342 4245 374 4284 ex
385 4231 491 4295 unire,
502 4231 590 4296 Suiclr,
602 4239 628 4283 et
640 4233 703 4282 Eur·
