3212 4914
293 389 379 458 139⁰
643 403 752 456 nore
776 399 980 451 rantonnn
1007 400 1045 448 tn

294 555 321 598 et
339 545 364 596 in
381 545 453 596 cuna
468 551 495 596 rt
503 545 528 596 in
540 545 596 596 foro
606 552 709 596 narrata
719 545 761 594 lert
772 555 825 592 ιιι.
862 540 939 590 Hane
952 541 1012 590 tnlit
1023 539 1053 589 1..
1066 535 1201 588 cornelien
1211 535 1285 601 Sylla
1297 535 1392 588 Diale·

295 622 455 671 tabularum:
472 633 531 670 eon.
549 633 676 670 ocontno.
694 631 825 668 euentura
862 623 904 666 tor
925 615 957 664 de
977 614 1045 664 omni
1062 613 1204 664 falsitatum
1216 627 1322 676 genere,
1333 627 1391 679 qne

294 709 542 746 remunerantem.
565 697 678 745 similem
691 693 823 743 aaaidrrita-
862 689 993 752 innotuit,
1013 688 1184 744 reatamentia,
1205 688 1393 752 perlabunjn-

293 780 347 822 tern
368 774 476 836 requirit
499 789 514 821 a
527 773 659 836 jndicibna
678 771 824 833 Imperator
862 766 946 820 dieiia,
956 763 1051 814 tabulia
1063 763 1298 828 publicie,aliiaque
1308 764 1394 828 rebue,

292 847 454 897 Jnatinianua
473 849 584 897 Novella
596 861 707 898 uxxxrr.
725 844 825 895 Camnb.
863 840 1017 899 comminare,
1045 837 1142 900 ilumici
1165 837 1258 901 judicii
1290 853 1392 901 lltuum

329 924 368 972 Ne
378 925 440 972 culeo
448 924 591 986 innueretur]
608 923 713 985 Cnlena,
725 935 825 970 naemu·
862 923 1041 967 mererentur:
1059 915 1092 964 de
1103 915 1194 980 quibua
1205 915 1232 965 J.
1244 915 1275 964 0.
1286 916 1392 979 enpioae

294 997 770 1060 repertunmodioenoatroadnoeet
786 1009 825 1045 ae·
861 991 964 1042 anbtit.
993 990 1035 1040 ild
1047 992 1098 1055 lag.
1109 992 1186 1040 Corn.
1197 990 1230 1040 de
1242 989 1302 1040 fala.
1335 991 1392 1041 Cri·

294 1074 343 1122 mia
355 1073 492 1136 cupiebat:
511 1075 537 1122 id
556 1082 606 1131 aaa,
622 1073 758 1137 sexaginta
776 1073 825 1121 Ru.
862 1067 930 1116 mina
939 1065 1006 1116 enirn
1014 1065 1071 1116 lere
1079 1073 1139 1116 anot
1148 1067 1290 1125 innumera,
1300 1065 1391 1131 quibua

294 1161 393 1196 rnanoa.
409 1148 532 1210 Magnum
543 1163 588 1198 rae
599 1146 679 1198 t’nieae
691 1162 724 1196 ex
736 1161 769 1196 eo
780 1161 823 1209 ap·
863 1142 932 1206 qnod
955 1155 1030 1204 prena
1052 1147 1123 1191 earet
1147 1139 1291 1190 conutituta
1312 1139 1391 1202 nulla,

295 1229 385 1285 paren
403 1223 471 1286 quod
491 1223 516 1272 ίῃ
537 1224 611 1273 culeo
631 1229 735 1273 ,correo
755 1221 825 1270 mm·
862 1216 1015 1280 bujualegla
1027 1231 1102 1279 paena
1114 1215 1394 1279 partimSenatuaonn·

295 1297 348 1346 nati
361 1298 418 1360 lega
432 1298 557 1360 Pompeia
568 1313 627 1347 eum
638 1311 703 1348 eane
715 1304 744 1348 et
757 1298 825 1360 gallo
862 1292 945 1347 anilia,
965 1293 1059 1355 partim
1081 1291 1231 1355 Principum
1251 1290 1393 1354 reatriptia,

295 1380 322 1421 et
336 1372 422 1435 vipera
435 1375 612 1438 tunnenanmr,
626 1380 654 1424 ut
665 1374 734 1438 apud
745 1375 823 1423 raan-
863 1367 958 1430 partim
981 1367 1060 1416 etiam
1081 1367 1328 1418 Jnrtrconmnomm
1354 1379 1393 1414 re-

296 1448 403 1512 quinum
423 1455 450 1495 «ιι
468 1448 646 1498 Montanium
668 1449 693 1500 J.
713 1448 744 1499 c,
761 1449 825 1513 1031.
862 1442 1103 1506 eponaieattributa
1115 1449 1163 1491 aet.
1181 1441 1338 1492 Hoitomnaa.

296 1536 361 1572 mua.
380 1523 494 1572 Badara.
895 1516 1298 1580 Damnaturiunetalaotnortm]
1318 1517 1394 1567 lutt-

328 1598 369 1644 1tn
379 1597 463 1656 sertnr
474 1598 645 1665 interrogatae]
662 1599 824 1651 indictorum
862 1609 906 1644 cea
919 1595 944 1642 in
956 1595 1050 1644 riataan
1060 1593 1170 1643 tabellae
1183 1593 1316 1655 eonjieere
1327 1594 1393 1644 eole-

295 1671 462 1721 criminalium
474 1687 532 1736 para
544 1689 593 1723 non
606 1675 710 1724 rnlnirua
720 1682 777 1724 erat
790 1675 825 1725 rei
862 1674 935 1738 bant,
944 1688 1000 1739 qnae
1013 1672 1252 1735 inaculptaaliterao
1261 1669 1392 1720 habebant

295 1749 475 1812 interrogatio.
506 1751 619 1800 Multum
637 1758 724 1801 autern
746 1751 824 1800 inter·
862 1749 1039 1812 abaulntiouia,
1070 1749 1124 1798 aire
1155 1745 1393 1797 condemnationia:

296 1825 392 1874 eratin
404 1826 557 1890 peragendi·
568 1827 826 1891 interrogationibus,
862 1824 1027 1876 absolutoria
1040 1829 1127 1874 antam
1138 1822 1240 1873 tabella
1252 1827 1393 1882 notuerat,
1421 1858 1424 1865 .

295 1912 347 1960 qno
366 1899 449 1949 animo
469 1901 571 1950 earetle
583 1901 627 1964 qui
639 1902 825 1966 interrogabat.
864 1901 896 1952 Α.
919 1901 1148 1962 condemnatorlrr,
1169 1901 1200 1950 0.
1218 1898 1307 1949 'i'ertia
1330 1911 1391 1964 qno·

295 1972 448 2036 Exemplum
470 1974 570 2024 illnatre
589 1976 631 2025 bin
653 1977 679 2024 in
698 1975 825 2039 Anguato,
862 1993 913 2042 qne
928 1977 1025 2027 tabella
1041 1975 1195 2026 intermedia
1212 1973 1394 2024 interabeolu·

297 2049 340 2110 qni
365 2063 412 2098 ana
433 2050 636 2114 interrogatione
658 2054 737 2102 tacita
759 2053 824 2102 viana
863 2053 957 2103 teriam
966 2059 993 2102 et
1004 2051 1263 2115 damnatorumque
1271 2048 1325 2099 diei
1334 2063 1392 2112 poa·

295 2124 563 2187 aalntiareoaperuit.
589 2128 697 2187 Contra,
712 2127 754 2190 qui
768 2142 825 2191 per·
863 2126 1117 2191 aet‘igootoria'ab
1128 2123 1294 2188 ignoscendo.
1320 2124 1394 2172 Pane

296 2199 378 2248 ditum
392 2213 461 2248 renni
474 2201 605 2263 volebant,
617 2201 733 2250 omnibns
744 2202 825 2251 modio
864 2203 924 2253 talia
934 2202 1001 2265 apud
1019 2202 1137 2266 antiqnoa
1153 2199 1205 2251 init
1222 2200 1395 2263 ampliationla

297 2275 368 2336 illum
381 2274 406 2323 in
418 2273 535 2324 t'ratnlem
555 2275 608 2324 ruia
619 2275 825 2338 interrogationi·
865 2279 1057 2342 tabella,rnjna
1072 2275 1171 2340 aignrmr
1188 2282 1245 2324 erat
1255 2273 1298 2324 N.
1315 2283 1343 2325 et
1359 2275 1391 2324 1..

296 2351 345 2400 bna
375 2351 497 2402 indnoere
525 2352 693 2401 conabantur.
725 2353 825 2403 Cunab-
863 2355 931 2419 qnod
950 2353 1089 2418 eignilieat,
1112 2366 1163 2400 non
1185 2351 1293 2415 liquere.
1315 2347 1391 2400 Unde

298 2425 445 2474 Irenarclrla
468 2425 618 2475 mandatnm
637 2425 716 2476 iniere
738 2426 825 2490 docet,
863 2429 996 2492 ampliatio
1018 2426 1190 2477 nascebatur:
1219 2432 1247 2474 et
1271 2423 1331 2474 inde
1354 2424 1391 2472 rei

297 2507 326 2549 nt
349 2499 565 2562 interrogationea
588 2499 683 2549 litteria
704 2501 828 2560 luelneaa,
863 2503 979 2566 ampliati
991 2503 1065 2552 dieti·
1081 2503 1196 2552 Beroald.

296 2584 376 2640 atque
403 2574 562 2638 obsignatae,
592 2574 625 2623 ad
651 2575 825 2638 cognitionem
896 2579 1039 2628 Frandenel
1055 2579 1147 2642 errore]
1165 2577 1280 2640 Detege
1297 2575 1392 2628 Corne·

296 2653 461 2716 magiatratna
492 2652 633 2702 mitterent.
672 2653 826 2717 Hojnenaodi
863 2653 942 2703 liade
954 2653 1036 2717 t‘aleia,
1047 2667 1105 2716 quaa
1116 2649 1393 2702 et‘teatarnentaria’

296 2727 530 2789 interrogationum
546 2729 668 2791 exempla
684 2730 825 2778 exatautln
863 2729 1008 2792 dicebatur,
1034 2728 1111 2778 Pauli
1131 2727 1212 2779 nctt.
1233 2726 1311 2777 verba
1333 2736 1394 2776 aunt

296 2803 422 2865 Evangel.
443 2802 562 2851 ulainai
581 2815 605 2852 o.
621 2805 662 2851 ii.
679 2803 824 2853 Joannlec.
863 2805 936 2855 brea:
976 2803 1055 2855 ‘Qui
1084 2809 1267 2853 tentamentum
1300 2801 1392 2852 iaianrn

296 2881 336 2926 ts.
349 2884 376 2926 et
387 2875 448 2926 Aet.
468 2879 508 2926 22.
525 2884 552 2926 et
567 2881 609 2926 28.
636 2876 713 2940 Apud
725 2879 826 2930 Livium
864 2880 1008 2943 aeripaerit,
1018 2879 1169 2942 arguerent,
1177 2879 1337 2942 recitaverit,
1348 2879 1393 2928 do·

295 2952 403 3014 inalgnia
420 2961 459 3000 eat
472 2953 522 3013 illa,
539 2967 590 3017 qna
601 2952 635 3004 Q.
650 2952 757 3003 Fabium
769 2955 826 3004 Mn·
863 2956 889 3005 lo
900 2956 979 3017 malo,
989 2955 1097 3017 cnjnare
1107 2953 1165 3002 dolo
1178 2954 1244 3002 maio
1256 2953 1283 3004 id
1294 2951 1392 3004 fretun

296 3028 405 3090 gistrum
417 3027 541 3092 equitnm,
558 3043 616 3076 cnm
629 3043 644 3077 a
655 3028 775 3080 Prarora
791 3029 827 3079 ci·
863 3031 924 3093 erit,
934 3031 992 3093 lege
1004 3028 1286 3080 Corneliadamnatar!
1310 3029 1338 3080 st
1354 3043 1394 3078 er·

300 3112 382 3167 tatur,
400 3117 433 3152 ex
449 3103 572 3153 inferiora
591 3105 648 3154 loeo
666 3104 699 3153 ad
712 3105 826 3154 tribunal
864 3120 897 3170 go
917 3105 992 3154 dolna
1010 3105 1157 3168 requiritur,
1176 3119 1297 3170 qnoraurn
1315 3106 1394 3154 tertia

298 3177 827 3239 accentum,Papirtuacnraornictator
864 3181 908 3230 illa
929 3178 1043 3244 Angnati
1061 3180 1165 3230 tabula?
1200 3179 1252 3232 Sed
1280 3179 1394 3244 Australi

298 3255 448 3315 interroget.
465 3254 575 3304 Briaaon.
865 3264 982 3320 tempore
1002 3257 1045 3305 lex
1062 3270 1113 3305 non
1134 3267 1186 3306 tana
1204 3264 1295 3320 aperte
1314 3255 1341 3305 id
1356 3257 1393 3305 ita

330 3329 481 3392 ὑϊςιιαίυνιε]
500 3329 531 3378 ld
546 3335 597 3393 eet,
614 3337 695 3380 teatee
712 3330 825 3381 anbaori·
864 3337 978 3382 neverat.
998 3333 1107 3383 Torreat.

297 3405 404 3454 benten:
431 3404 500 3453 undo
519 3406 662 3468 bnjnemodi
687 3413 826 3456 testamen·
895 3406 1003 3456 Proetori
1023 3407 1142 3467 delegerit
1161 3407 1262 3472 mbnao]
1279 3407 1392 3458 Omnino

298 3478 636 3541 auna‘atgnnnm'otenur.
659 3481 825 3546 Exstatqno·
863 3481 947 3532 doctis
975 3483 1037 3532 atria
1059 3483 1186 3534 auanrtor
1213 3484 1393 3540 eonibentibna,

297 3569 349 3618 qne
368 3555 417 3602 alia
438 3553 588 3603 tentamenti
603 3555 714 3619 aperiet,
736 3558 825 3608 ‘bolo-
862 3559 921 3608 ΡΒ.
937 3559 1055 3619 delegauit
1073 3557 1132 3608 trit.
1150 3560 1394 3622 interpretantibna-

296 3627 437 3692 graplrnm’
453 3625 525 3676 diota
546 3627 579 3676 ab
600 3627 712 3692 Isidoro,
729 3637 758 3681 et
775 3640 826 3697 eet,
863 3648 912 3698 que
931 3635 1048 3694 Proeserto
1063 3635 1181 3696 delegarit
1201 3635 1282 3686 Urbis.
1308 3637 1393 3688 Nemo

296 3703 363 3768 qnod
380 3717 456 3750 maun
468 3702 599 3752 tentatorie
614 3705 787 3757 conscribitur
797 3717 826 3759 et
862 3709 888 3758 ln
899 3709 1008 3760 biatoria
1019 3717 1136 3761 eerratna
1151 3712 1267 3776 negabit.
1296 3711 1393 3762 Melina

296 3779 473 3833 eubacribitnr,
496 3778 564 3828 nude
593 3793 686 3830 nomen
714 3785 825 3848 accepit.
863 3791 949 3835 antem
962 3785 1249 3849 membranardelcgubnl
1265 3789 1391 3852 qnamda-

296 3853 561 3918 Verumfreqnentlor
573 3871 633 3906 urna
643 3859 764 3908 Romania
773 3867 824 3910 tea·
861 3860 958 3922 legam
975 3861 1086 3911 Caaanb.

295 3931 367 3980 tandi
379 3929 438 3990 suit,
457 3929 526 3994 quod
544 3945 592 3993 per
608 3937 689 3980 teatea
705 3933 824 3996 obsigna-
893 3937 930 3986 Aa
944 3937 1138 4001 marmium]
1157 3939 1269 3990 Nomine
1289 3940 1391 4004 proria-

296 4005 383 4065 batnr,
405 4004 437 4053 de
461 4019 511 4070 qno
531 4007 579 4054 lior.
599 4006 657 4054 loeo
678 4007 824 4058 Snetonloa.
861 4011 965 4062 oialinm
983 4013 1087 4075 proprie
1109 4014 1274 4079 intelligimur
1293 4027 1391 4076 omnaa,

297 4079 375 4128 liure.
392 4080 482 4128 Donat.
522 4079 611 4130 Codex
629 4081 824 4133 Salmandeae·
861 4094 960 4150 preter
978 4088 1092 4139 Italiooa.
1119 4088 1219 4140 iudea
1242 4091 1328 4141 Plinio
1347 4090 1393 4140 lib.

297 4159 368 4204 turer.
860 4173 922 4212 vrri.
934 4163 1106 4226 Epistularum
1114 4165 1241 4229 scripturn
1252 4172 1292 4216 eat
1301 4166 1324 4215 :‘
1336 4165 1392 4214 lta·

329 4229 392 4292 Lege
404 4230 513 4282 Cornelia
529 4231 677 4296 tenuentur]
695 4233 738 4284 De
750 4232 823 4288 salto·
859 4237 924 4288 lione
935 4245 1025 4302 eet,an
1034 4238 1198 4304 provincialia
1208 4241 1231 4288 t'
1248 4241 1359 4292 Beroeld.
