3180 4910
284 329 370 402 1496
632 347 739 397 noun
764 347 963 396 vuarnuuu
990 345 1030 394 ru

284 487 812 554 conjectaneisscriptumreliquerst‚¹nni·
847 489 872 538 in
884 488 988 538 'liberio
1001 483 1206 548 mettamensi
1226 481 1260 535 ad
1280 499 1375 549 rogum

284 565 336 614 ium
348 565 603 614 senatusconsultum
612 565 668 615 fieri
677 580 751 628 posse
759 579 810 616 nou
847 577 929 626 usquc
938 577 966 611 ac
976 575 1034 612 cnm
1047 559 1148 610 ceteris
1159 557 1299 608 conferret.
1325 562 1371 610 Sic

285 641 442 691 discessione
461 640 539 691 facta.
563 645 623 705 qnia
646 644 671 692 in
693 643 810 692 omnibns
846 636 1021 698 accipientium
1032 635 1098 700 qumi
1114 634 1149 684 ele
1159 637 1243 684 Drrtse
1252 635 1307 696 ejus
1317 635 1372 684 tilio

283 715 528 778 Senatuseonsnltis,
555 718 631 766 etism
653 718 678 765 iu
700 718 730 766 iis
753 731 809 780 qnae
845 711 1034 760 observatote.
1068 709 1125 758 Nec
1139 709 1372 771 soiiiruperstorus

171 843 174 850 ,
283 803 330 852 per
356 792 539 853 relegationem
564 791 666 849 fierent,
685 792 810 840 discessio
844 786 919 836 iunus
931 794 1006 836 extra
1016 787 1104 838 urbem
1115 786 1371 849 sequispemebsnt:

283 864 527 916 essetneesssaria:
561 865 809 915 Gelliuslibroxrv.
846 863 891 912 ssd
910 863 983 912 multi
1002 863 1054 912 alii.
1087 862 1197 924 Cyntbis
1214 861 1283 924 apud
1303 864 1370 912 Pro-

282 955 339 1002 περ.
356 946 381 989 i.
415 941 483 990 Natu
495 941 516 990 si
527 940 583 990 itaec
595 955 655 989 vera
670 942 730 1001 sint,
740 941 807 990 irus·
845 938 956 1000 pertitam
970 938 1004 985 ds
1021 951 1068 986 sun
1088 935 1178 986 iuuere
1189 937 1306 998 loquens,
1322 937 1372 986 ‘si

281 1023 322 1064 trs
341 1015 547 1079 diligentissimus
563 1017 658 1066 rituum
673 1017 808 1078 indagator
844 1012 927 1074 piguit
938 1009 1258 1074 portuuttraprocetlere,
1269 1011 1368 1060 utillud

279 1090 445 1153 Tranquillus
469 1090 530 1140 iilud
546 1089 649 1139 ‘torte'
672 1091 808 1153 adjecerit.
842 1085 976 1148 iussisset,
987 1087 1084 1135 lactum
1102 1086 1197 1135 lentius
1211 1086 1249 1132 irc
1265 1086 1370 1136 mcum?

280 1163 358 1212 Adde
378 1164 446 1230 qnod
472 1163 550 1213 Ateio
576 1165 653 1215 fidem
681 1164 807 1227 derogant
844 1161 919 1210 luen.

280 1253 336 1302 quaa
348 1241 373 1288 in
385 1241 480 1288 eodem
491 1240 577 1302 capite
588 1239 688 1288 Gellius
698 1253 731 1288 ex
743 1239 806 1288 i'sr-
873 1237 981 1286 iuterna
987 1237 1092 1300 publicus
1101 1237 1152 1286 sins
1161 1237 1368 1299 subscriptionem

279 1326 342 1362 rone
354 1315 460 1363 delibat.
841 1312 1000 1373 uenierunt]
1016 1313 1140 1362 Quanam
1152 1311 1367 1372 iatssubscriptic

311 1389 378 1438 Cae.
396 1393 436 1438 ii.
473 1390 638 1443 enodantes
655 1389 806 1448 rebusgertis
842 1389 963 1446 sit‚ttnua
982 1401 1021 1434 rue
1041 1386 1131 1436 docuit
1150 1385 1215 1435 Diu:
1234 1386 1370 1440 nonenim¹

277 1465 371 1512 scunlut'
380 1462 588 1526 scriberesiJMos
600 1465 647 1512 snb
658 1465 741 1514 libere
753 1465 804 1512 Re·
841 1470 882 1509 est
893 1462 1032 1524 nominum,
1051 1469 1078 1508 ut
1096 1469 1187 1522 putare
1202 1461 1295 1523 aliquis
1308 1475 1365 1523 pos·

279 1538 351 1598 publ.
365 1547 491 1601 perpetuo
503 1546 631 1595 serratus,
642 1553 701 1588 cum
713 1540 803 1588 eatieru
840 1535 883 1596 sit,
893 1536 940 1585 seri
950 1535 1152 1598 praeteritionem
1165 1537 1288 1598 inteiligit
1296 1536 1364 1585 clan-

278 1613 530 1662 eutiuctasubistus·
555 1614 804 1668 Notnuthcituset
839 1611 901 1660 sulae
913 1611 997 1660 solite
1017 1611 1094 1674 adjici
1114 1611 1211 1660 litteris
1226 1611 1259 1660 ati
1271 1611 1366 1674 princi·

277 1685 330 1734 Dic
346 1688 534 1736 uouunoloco.
567 1689 719 1751 Exemplum
732 1688 804 1738 dedit
841 1701 909 1749 pem,
918 1702 969 1750 qna
980 1687 1090 1736 felicitas
1100 1687 1137 1736 iiii
1150 1695 1294 1749 optaretur.
1312 1687 1364 1737 Pn-

277 1761 375 1822 primus
394 1761 520 1824 Agrippe,
528 1761 561 1810 tle
572 1776 622 1826 qtae
639 1763 729 1812 scribit
750 1764 803 1812 Dio
840 1768 868 1810 to
889 1760 967 1811 ianime
986 1760 1081 1822 alarixa
1100 1759 1138 1809 bai.
1153 1761 1250 1810 smmis.
1283 1761 1364 1812 Utin

276 1837 494 1886 inanunnccrtn.
513 1838 616 1886 Cnaosl.
839 1843 957 1884 extrema
988 1836 1113 1884 relatione
1142 1837 1270 1886 Demetrii
1295 1836 1364 1886 Plae-

273 1899 280 1916 “
311 1911 441 1966 Maon
457 1912 560 1960 sissima
574 1913 748 1962 innumerum
757 1913 803 1975 ipsi
838 1910 902 1959 lerei
924 1910 957 1959 ad
975 1911 1146 1962 Ptnlcruaeum
1159 1910 1362 1974 Philadelphum.

270 1985 315 2044 iss
335 1987 456 2049 lolmml]
480 1988 522 2035 iiic
537 1987 678 2050 Augustus,
696 1990 721 2037 in
745 1989 801 2050 ejus
839 1982 913 2034 Idm·

275 2062 329 2111 uite
339 2077 397 2124 cap.
408 2067 449 2112 85.
474 2063 593 2112 Tiberius
604 2070 688 2112 antem
701 2065 802 2114 ‘omnia
870 2059 1171 2120 DioneanGrannateus
1181 2059 1363 2122 dispater-cnsi-

275 2137 348 2185 tlicts
364 2145 392 2186 et
408 2137 478 2186 iacta
495 2139 552 2200 ejus
565 2139 621 2188 vice
633 2139 742 2188 numinis
756 2141 801 2188 ob·
837 2131 996 2184 1³⁶le
1016 2135 1110 2200 sollius]
1136 2136 1192 2186 Etsl
1215 2135 1363 2186 observeliu

277 2211 417 2260 seruabat!
836 2209 1033 2271 bebdomscium,
1041 2227 1099 2275 qum
1111 2211 1186 2262 bodie
1197 2213 1307 2273 obtinet,
1318 2227 1361 2268 sn-

309 2287 504 2338 cnassctudiaeat
528 2288 650 2350 uniquus
673 2287 803 2349 retulisset,
838 2290 990 2348 intempore
1005 2287 1143 2337 'ibentlosii
1159 2288 1235 2349 vulgo
1254 2295 1363 2349 recepta

275 2361 304 2407 tle
315 2360 440 2419 moribus
454 2362 506 2411 sais
520 2361 678 2424 memorandi]
691 2363 753 2412 -iioc
767 2377 802 2412 se
837 2373 887 2409 uun
898 2359 957 2416 fuit,
967 2371 1091 2411 annotare
1103 2369 1189 2412 tamen
1201 2363 1271 2420 iicet,
1280 2361 1361 2410 multe

273 2436 391 2483 cratinus
403 2433 492 2497 tiebat,
503 2451 553 2498 qua
572 2437 665 2497 populo
683 2445 741 2496 pust
752 2436 800 2484 ini·
836 2437 958 2485 antetale
973 2437 1070 2500 aliquitl
1087 2438 1195 2487 Graecos
1216 2436 1366 2498 presertim

274 2515 329 2555 tom
345 2509 466 2556 bonorem
486 2510 544 2554 unri
565 2507 731 2568 magistratus
742 2522 800 2569 grs-
836 2513 865 2555 et
886 2509 1014 2558 Asiaticos
1042 2513 1069 2561 iu
1096 2511 1271 2560 functionibus
1301 2512 1361 2560 ritt's

274 2581 324 2628 tias
336 2581 458 2643 agebant.
479 2580 635 2628 Plutarchus
645 2580 672 2628 in
683 2581 803 2631 AErnilios
835 2581 990 2644 quotidisne
1005 2585 1095 2632 soiitos
1105 2583 1251 2636 obseruare·
1283 2586 1360 2636 Quntl

273 2654 393 2704 mirso
409 2658 457 2703 τῶν
477 2655 523 2713 τὴν
538 2653 650 2704 ὑπατείαν
666 2654 798 2718 umbros,
835 2656 896 2718 quis
907 2655 1050 2706 imitatione
1068 2657 1230 2713 iudaeorum,
1247 2659 1291 2722 qni
1304 2660 1360 2723 jam

273 2729 323 2780 sior
344 2729 553 2791 mopsus-faistai
573 2747 626 2778 rus
656 2731 734 2793 χάριν,
759 2732 799 2782 usi
835 2735 890 2778 tum
907 2744 954 2792 per
972 2732 1061 2781 urbem
1073 2733 1155 2794 sparsi
1165 2740 1251 2794 erent,
1262 2735 1361 2786 institu-

272 2806 454 2870 προσαγορεύειν
462 2807 610 2868 φιλοφρόνως
617 2805 661 2856 riu
671 2809 744 2868 δῆμον
753 2809 799 2858 lesi
835 2813 950 2866 tamesi,
965 2806 1042 2855 etism
1058 2808 1157 2856 sabbati
1173 2822 1266 2862 nomeu
1286 2810 1360 2862 nolti

271 2883 316 2931 ssi
329 2881 600 2945 superscripsimus
609 2881 737 2940 imminu
746 2886 797 2933 ian.
835 2879 1006 2930 retinuerunt.
1047 2882 1170 2945 Disputat
1195 2884 1278 2936 etiatn
1301 2885 1359 2936 Cle·

271 2957 530 3020 yqbnrsiasroulres
541 2955 595 3018 iou.
635 2956 796 3008 Abisncinn·
833 2955 1276 3010 mensAieaauelrinusStruuseturn
1291 2961 1359 3012 libro

272 3042 300 3084 ts
316 3042 452 3084 manarunt
471 3033 602 3083 orationes
624 3034 797 3098 panegyrice,
833 3033 933 3094 quintu,
946 3030 1003 3081 ‘ort
1012 3032 1057 3090 τὴν
1067 3031 1169 3092 ἑβδόμην
1177 3033 1241 3097 tob
1251 3035 1278 3085 ol
1287 3035 1364 3096 piosa

271 3110 363 3174 quibus
373 3109 482 3173 principi
493 3109 588 3172 gratias
596 3108 623 3156 iu
633 3117 724 3158 senatu
737 3124 796 3173 age·
833 3107 856 3154 ci
871 3107 981 3168 Ἑβραῖοι,
991 3107 1057 3156 ἀλλὰ
1066 3107 1106 3158 sol
1120 3109 1144 3158 oi
1156 3108 1275 3170 'mvsa
1284 3113 1359 3162 ἴσασι.

271 3185 335 3234 bant
348 3185 408 3234 Ksi.
423 3185 483 3236 Jau.
500 3184 560 3233 novi
577 3185 710 3234 consules.
743 3185 796 3234 Pii·
832 3183 883 3232 eso
905 3193 965 3232 aute
981 3184 1143 3234 clementem
1161 3187 1264 3250 scripsit
1279 3187 1357 3238 ,inse-

270 3261 328 3309 nius
345 3263 370 3308 in
390 3259 457 3309 libre
476 3259 637 3320 Panegyrico
647 3264 737 3307 auctor
748 3267 797 3316 cst,
834 3259 907 3322 pirus,
913 3259 966 3320 jam
978 3273 1026 3308 sus
1036 3266 1114 3308 astate
1126 3261 1189 3310 atico
1200 3261 1356 3310 increbuisse

269 3331 367 3384 iactum
378 3332 456 3382 inisse
467 3347 546 3396 super
564 3334 612 3381 buc
624 3333 797 3383 senatuscon-
833 3333 935 3396 septimi
956 3334 1008 3382 tilei
1026 3334 1241 3397 obseruationem,
1258 3351 1290 3386 eu
1309 3337 1357 3389 Ju-

270 3408 373 3456 snitum.
405 3407 479 3456 idern
490 3407 796 3470 mossttsmiuprssidt-
833 3408 908 3458 (laico
926 3411 987 3467 rito,
1004 3416 1033 3458 ut
1054 3417 1148 3470 negent
1167 3409 1257 3460 urbem
1279 3411 1357 3462 uliam

270 3481 318 3534 bus
335 3482 521 3544 provinciarum
543 3487 671 3544 serratos,
689 3483 722 3532 ad
733 3490 797 3534 tem·
833 3483 994 3542 Grecorntn,
1014 3486 1054 3538 rei
1076 3493 1179 3548 genum
1197 3487 1301 3536 omniuo
1318 3489 1356 3536 ui·

269 3571 333 3620 porc
344 3555 444 3606 Claudii
457 3571 464 3603 ε
484 3557 517 3604 de
533 3571 584 3621 quo
596 3557 646 3606 Diu
663 3558 706 3608 lib.
718 3573 797 3614 aurit.
833 3560 895 3623 lem,
904 3575 980 3624 porse
991 3560 1108 3624 reperiri,
1120 3575 1177 3625 que
1186 3563 1356 3612 cessationem

271 3631 373 3682 Cosmi.
832 3637 865 3686 ab
876 3651 954 3701 npsrc
973 3637 1026 3688 (liei
1046 3637 1151 3701 septimi
1165 3637 1191 3687 in
1201 3653 1261 3688 suos
1272 3653 1355 3688 mutes

299 3706 433 3774 Met
442 3719 513 3770 mse
525 3707 556 3754 sd
566 3710 794 3773 rogumsneqsesis-
831 3727 881 3762 non
894 3713 1043 3778 recepisset.
1061 3713 1137 3762 idem.

267 3781 464 3846 sit1Videntur
482 3781 653 3846 Imperatores
675 3785 701 3832 in
720 3784 794 3836 fune·
863 3789 930 3838 Cae.
941 3792 982 3838 li.
1014 3786 1356 3849 Boaipasionissssclsaticrs

267 3859 339 3908 ribaus
349 3858 460 3908 virorum
471 3857 608 3907 illustrium
618 3858 651 3907 ati
666 3858 793 3911 laudatio·
828 3877 907 3926 pecus,
925 3877 970 3912 ass
986 3861 1122 3924 deglubere]
1138 3860 1257 3910 Tiberius
1274 3861 1299 3910 id
1313 3863 1355 3912 ΔΞ-

172 3963 177 3970 -
267 3947 327 3983 netu
338 3940 448 3994 tantum,
459 3947 517 3996 que
529 3931 608 3982 fiebat
627 3933 652 3982 in
672 3931 738 3996 iore,
749 3949 792 3984 ve·
828 3939 897 3986 miiin
908 3937 992 3988 ilecto
1012 3935 1115 4000 AEgypti
1126 3936 1230 3999 praetori
1245 3937 1356 3999 rescrip-

267 4013 480 4076 niresolitl‚-nec
497 4011 622 4062 iuteresse
638 4009 791 4062 officincum
828 4014 870 4064 sit.
904 4013 1023 4064 Concinit
1043 4011 1185 4062 Alexandri
1205 4011 1286 4060 illud:
1313 4011 1353 4062 ssi

267 4086 446 4138 efferrenture
459 4087 549 4136 rostris
558 4086 590 4135 sti
602 4085 704 4134 bustum
716 4095 791 4136 extra
827 4089 932 4152 mesple
942 4092 1003 4151 prosi
1012 4089 1056 4138 riu
1066 4089 1093 4136 ἐκ
1112 4085 1184 4149 illes
1193 4085 1312 4146 τέμνοντα
1320 4088 1352 4137 rl

267 4164 365 4214 urbem.
391 4164 536 4229 Propterea
546 4161 621 4212 ciuile
629 4168 656 4213 et
668 4160 792 4222 inuentam
825 4163 931 4227 λάχανα.
964 4166 1033 4216 lietu
1053 4163 1160 4216 Plautia
1176 4162 1248 4214 ‘Sed
1267 4169 1353 4214 strunt
