3166 4904
285 345 370 412 1142
708 360 745 406 e·
764 355 960 407 sunnenn-

285 499 450 576 λευκώλενος
482 509 556 589 ng.
602 501 700 567 Licet
715 502 897 568 Suetonius
912 520 1011 566 unum
1028 501 1175 566 cubitum
1198 501 1280 568 velit
1296 521 1371 566 esse

286 604 523 671 tantummodo.

517 771 521 778 ι
567 794 653 860 Idem
676 795 708 858 in
732 780 789 867 νιν.
815 775 1036 882 Georgicorum
1050 775 1104 862 272

330 949 431 1028 Quod
461 952 570 1014 autem
592 950 650 1026 nit,
678 946 917 1031 ‘Victorisque
940 968 1033 1014 arma
1054 945 1208 1026 Quirini,’
1236 965 1303 1010 non
1324 953 1378 1011 est

287 1050 507 1115 eontrarium:
529 1068 618 1126 uam,
640 1053 677 1112 nt
700 1048 802 1114 etiam
824 1049 860 1112 in
883 1050 990 1132 primo
1009 1047 1266 1114 AEneidosaeu.
1286 1046 1377 1111 dixi·

232 1193 241 1207 -
286 1171 373 1228 mus,
396 1151 574 1215 Suetonius
587 1150 803 1234 Tranquillus
817 1150 880 1214 boe
896 1151 938 1215 de
953 1149 1107 1236 Augusto
1132 1154 1376 1225 commemorat,

288 1251 458 1337 ‘quodam
474 1257 625 1335 tempore
647 1259 715 1317 tres
737 1258 851 1335 partes
873 1253 989 1336 populi
1008 1253 1234 1316 consentiente
1249 1250 1377 1313 Senatu

289 1353 454 1436 obtulisse
475 1353 507 1416 ei
523 1354 586 1418 tria
603 1355 750 1432 nomina,
768 1353 910 1432 Quirini,
925 1353 1081 1436 Augusti,
1096 1352 1253 1416 Caesaris.
1298 1349 1376 1426 Ille,

286 1475 342 1532 ne,
356 1473 456 1518 unum
471 1453 634 1535 eligendo,
652 1455 736 1518 elias
758 1454 935 1519 offenderet
949 1459 1073 1538 portes,
1094 1455 1202 1537 primo
1217 1449 1377 1528 Quirinus

288 1561 340 1618 est
360 1554 490 1621 dictus:
511 1555 589 1618 inde
612 1555 744 1620 Caesar:
775 1559 854 1639 post
883 1555 917 1618 in
948 1554 1080 1620 nomine
1102 1551 1281 1636 permansit
1303 1549 1377 1613 Au·

289 1654 400 1738 gusti!

524 1844 660 1914 Isidorus
685 1845 776 1935 Orig.
802 1843 876 1912 Lib.
893 1863 1009 1913 xv111.
1033 1847 1144 1932 cope2.

330 2002 546 2088 Tranquillus
572 2010 698 2080 eutem,
726 2000 924 2085 triumphum
946 1999 1065 2064 Latine
1088 1996 1202 2081 potius
1218 1991 1376 2076 fappella·

289 2107 369 2182 tum,
382 2106 473 2188 quod
486 2107 526 2182 is,
542 2105 601 2188 qui
617 2103 817 2186 triumphans
830 2099 955 2174 Urbem
969 2098 1197 2182 ingrederetur,
1213 2092 1375 2177 tripartito

285 2202 416 2285 judicio
430 2205 656 2270 honoraretur.

624 2373 628 2380 Ι
662 2375 736 2476 Lib.¹
759 2409 869 2492 eodem,
892 2431 960 2494 cap.
979 2409 1011 2474 6.

332 2541 548 2626 Tranquillus
570 2550 680 2608 autem
702 2543 803 2609 dicit:
828 2543 917 2608 Dum
939 2542 1113 2628 cujusdam
1132 2543 1322 2626 gladiatoris
1344 2542 1378 2605 in

291 2642 407 2708 ludum
422 2644 534 2708 emissi
556 2643 688 2726 gladius
710 2647 863 2708 curvatus
885 2642 1004 2734 luisset
1024 2662 1067 2707 ex
1089 2644 1161 2707 acie
1179 2649 1282 2720 'recten
1303 2627 1378 2724 p'ro·

291 2746 393 2809 currit
413 2764 498 2810 unus
521 2745 565 2810 ad
587 2765 663 2810 eum
687 2746 929 2828 corrigendum:
952 2735 1087 2827 tumque
1101 2764 1122 2807 a
1138 2751 1307 2828 pugnante
1329 2749 1384 2805 re·‘

292 2865 451 2929 sponsum
467 2852 530 2924 est,
553 2848 625 2911 ‘sie
642 2845 815 2931 pugnabo’
836 2844 896 2930 (al.
919 2844 980 2908 sico
996 2843 1184 2929 pugnabo):
1205 2843 1282 2908 inde
1297 2835 1403 2907 sicae'

292 2966 411 3012 nomen
434 2947 547 3013 datum
571 2955 635 3013 est.

297 3152 526 3219 Commentator
540 3164 626 3219 vetus
640 3151 771 3219 Horatii
784 3152 828 3227 od
840 3175 961 3219 carmen
973 3153 1011 3219 de
1025 3164 1092 3220 arte
1101 3156 1235 3240 poiticu,
1251 3157 1386 3224 baliol(

338 3285 530 3387 ‘Scriptorss
553 3305 722 3383 librarius,
753 3305 950 3390 bibliopola,
979 3295 1029 3370 uli
1059 3279 1185 3371 veteres
1215 3304 1380 3386 dicebant,

296 3404 384 3487 quod
398 3411 432 3469 et
445 3405 656 3491 Tranquillus
668 3406 821 3472 affirmet.

777 3586 903 3670 Saldae.

340 3727 491 3819 Ἀσσᾶρνα,
522 3733 628 3815 ὀβολοί.
671 3736 810 3819 Νοῦμμας
836 3742 973 3823 inprims
993 3735 1129 3816 βασιλεὺς
1147 3735 1222 3814 μετὰ
1239 3730 1382 3813 Ῥωμύλον
1461 3723 1463 3728 ¹

291 3820 444 3915 Ῥωμαίων
456 3832 590 3921 γογοναὶς,
611 3835 664 3899 ἀπὸ
679 3837 786 3924 σιδήρου
807 3840 855 3901 καὶ
875 3844 993 3926 χαλκοῦ
1007 3833 1174 3917 πεποιημένα
1186 3831 1383 3920 (νομίσματα)

296 3941 403 4022 πρῶτος
418 3935 575 4022 ἐχαρίσατο
592 3933 750 4021 Ῥωμαίοις,
765 3945 820 4003 τῶν
835 3940 885 4027 πρὸ
900 3943 984 4003 αὐτοῦ
997 3937 1106 4002 πάντων
1119 3938 1165 4000 διὰ
1183 3935 1319 4001 σκυτίνων
1333 3933 1383 3996 καὶ

299 4037 470 4128 &organismo
491 4042 539 4116 τὴν
561 4038 664 4126 χρείαν
683 4039 866 4125 reputarer,
883 4040 951 4128 ἅπερ
966 4037 1107 4122 ὠνόμασεν
1121 4039 1152 4100 ia
1175 4042 1223 4101 τοῦ
1238 4034 1304 4104 titio
1324 4031 1382 4100 6νὸ-

299 4141 387 4221 pares
403 4139 534 4224 νοόμμνα,
549 4138 584 4218 ὥς
599 4159 663 4228 φησι
682 4141 877 4228 Τρᾶγνινλλνς.
