3212 4914
295 421 380 490 1³74
646 439 755 488 narn
781 437 981 488 vanronuu
1008 439 1046 487 ιιι

295 591 357 650 tage
372 585 520 650 ignominie
538 595 630 636 neuere
652 587 718 638 anmi
734 588 825 652 jaare:
863 581 998 632 maniiieea
1009 581 1152 645 appellati:
1171 581 1263 648 quibua
1277 595 1393 647 oppane·

294 662 464 713 aedabaaieaie
475 662 710 720 laciniirdefarruia,
718 671 746 713 nt
756 663 825 728 apud
863 657 958 708 bantra
977 656 1146 722 beneficiarii,
1166 659 1210 723 qui
1232 659 1393 709 uacationem

294 739 427 788 Valeriam
440 739 606 788 iilex.iib.rr·
630 739 827 789 Necdiaaimliia
863 747 997 782 munerum
1006 734 1307 785 militariumtubebeat.
1341 735 1393 786 Oai

293 812 402 862 ieirtarla
421 821 460 862 eet
478 827 535 878 qua
548 821 670 864 narratur
681 815 764 879 prima
776 815 827 863 Pa·
863 811 942 874 igitur
959 818 1053 862 eontra
1069 813 1208 862 militarem
1230 813 1392 878 diaeiplinam

293 888 484 951 raiipomaaan‚
503 903 528 938 e.
547 895 587 939 itt.
606 903 665 940 nam
677 891 711 940 ibi
724 903 826 955 quaqua
862 887 961 951 aliquid
981 887 1150 947 admireraat,
1168 890 1187 939 ii
1210 889 1392 954 regradatione

293 963 438 1022 ignominiae
456 979 546 1016 aeneae
567 967 647 1017 veatia
665 967 826 1031 praeciditur.
863 962 1049 1026 puniebantur,
1067 964 1228 1030 fiebantque,
1241 965 1334 1016 amireo
1350 979 1391 1016 oe·

294 1040 370 1091 laeua.
861 1039 924 1088 dine
942 1039 967 1089 in
985 1053 1061 1104 quem
1079 1042 1191 1104 promati
1209 1039 1322 1097 inerant,
1343 1055 1391 1106 pro

324 1118 519 1182 Diaaiucioapae]
541 1118 614 1169 Piut.
633 1117 760 1180 addaram,
774 1120 825 1169 Pa·
861 1114 1033 1165 beneficiariia
1044 1116 1190 1167 metallicae.
1207 1115 1310 1168 cmaa.

292 1193 555 1257 lyannaawtl'airaar.
588 1195 659 1246 Olim
671 1196 715 1259 qul
727 1195 824 1260 aliquid
894 1191 964 1240 Cer.
984 1195 1025 1241 25.
1052 1192 1139 1257 Filiie]
1164 1192 1310 1257 Adoptlvia‚
1327 1189 1391 1243 Ceio

292 1269 353 1318 aerii
364 1267 452 1320 iacere
466 1270 603 1334 parabant,
613 1271 719 1334 cingulo
727 1277 825 1333 reatee,
861 1274 888 1316 at
900 1268 989 1317 bacio.
1008 1269 1085 1318 Bm.

290 1343 680 1410 aliaaflaxae,cauetriagebaatr
691 1346 758 1412 qnod
766 1361 825 1411 pra·
894 1341 1037 1407 Priaigala}
1051 1343 1157 1394 'libaria
1168 1349 1196 1394 et
1204 1345 1300 1410 Danaa,
1311 1344 1391 1398 tarta

291 1422 347 1486 prie
360 1423 444 1472 Latini
457 1424 547 1474 dicunt
558 1423 713 1486 ‘accingere
725 1437 753 1473 aa
762 1437 824 1486 ape·
860 1416 929 1468 fiilia.
946 1419 1024 1468 ideae.

290 1496 331 1546 rl.'
350 1497 455 1548 Gaeaeb.
489 1499 519 1548 L.
532 1499 689 1562 Calpurniae
707 1497 823 1561 equitnm
893 1494 1063 1558 Ambitieeiaa]
1089 1495 1148 1546 liae
1162 1502 1212 1558 eet,
1230 1493 1348 1545 blandina
1363 1502 1391 1546 et

291 1570 456 1634 prefectum,
471 1571 541 1636 quad
560 1585 630 1622 arma
640 1571 758 1622 lroatibna
770 1580 823 1624 tra·
860 1568 1056 1633 menradum.
1074 1569 1141 1621 Nam
1154 1572 1286 1635 appellare
1297 1570 1391 1620 militae

289 1645 410 1709 didieaet,
432 1647 562 1700 dieeiuata
584 1647 674 1698 laniae
692 1649 822 1713 indutam,
860 1647 1059 1704 commilitum,
1070 1649 1126 1712 ejne
1141 1646 1215 1697 dacia
1227 1655 1277 1708 eat,
1289 1647 1331 1711 qui
1343 1661 1392 1711 per

290 1723 365 1774 nodie
374 1723 721 1788 pedibna‚arneeenaatern
733 1739 822 1789 mana,
860 1720 1012 1771 blanditiam
1024 1737 1084 1772 auae
1100 1721 1128 1772 in
1144 1720 1228 1773 officia
1248 1722 1312 1772 velit
1328 1722 1391 1771 rati·

289 1798 323 1848 ad
344 1799 475 1863 principia
494 1813 542 1862 per
554 1811 629 1848 amaa
641 1806 745 1864 tempas
756 1799 823 1850 mili·
860 1810 931 1846 nere·
949 1796 1052 1848 Canai.

289 1875 334 1926 tiae
355 1873 446 1926 adeaee
462 1877 548 1941 juaait.
580 1874 723 1926 interdixit
743 1877 822 1928 ailam
891 1873 1028 1937 Damnaque
1038 1872 1099 1936 aaa]
1122 1870 1390 1936 Darnaepraiamilia

288 1951 312 2000 ei
326 1952 474 2002 canvietnm
487 1952 822 2018 hominemneamqnebai·
858 1947 1004 2012 imperante
1015 1949 1125 1998 eumitnr
1134 1957 1163 1998 et
1178 1947 1245 2011 apud
1257 1947 1389 1999 Juetiaam

287 2041 403 2082 aearum.
416 2028 560 2077 Vallilax.
860 2037 912 2074 ιιι.
924 2028 964 2075 lb.
978 2029 1002 2073 l.
1018 2024 1095 2074 ideae.

322 2103 384 2151 Cam
400 2101 557 2167 deaempedir]
580 2101 641 2153 Hae
657 2108 736 2166 pacta
754 2101 821 2152 indi·
890 2099 1013 2150 Libertina
1024 2101 1103 2150 nuilite
1113 2099 1149 2150 bie
1164 2114 1222 2150 aare
1237 2098 1287 2163 aei]
1302 2100 1389 2152 Servio

288 2175 398 2228 cubator
417 2177 577 2240 regradatia.
610 2177 641 2226 ln
658 2177 750 2227 militie
769 2177 821 2226 Ra·
858 2174 1019 2239 inidipsum
1029 2177 1202 2226 manamiaeie.
1237 2175 1390 2227 catarna-

287 2267 363 2302 mana
374 2266 422 2302 aaa
438 2253 532 2316 auique
549 2265 597 2316 pra
614 2253 673 2302 laco
687 2267 764 2318 quern
775 2251 821 2301 ab·
858 2256 947 2312 guntur
968 2251 995 2300 in
1017 2251 1158 2302 Germania
1176 2257 1204 2302 at
1221 2253 1330 2318 illyrica
1347 2265 1391 2302 aas

287 2327 390 2380 tinebat
413 2329 440 2380 in
462 2329 607 2380 nutrientia
630 2329 760 2392 digniter:
790 2334 821 2378 nt
857 2326 944 2374 irartea
959 2327 1138 2390 libertinarum
1151 2329 1298 2394 complutae
1306 2328 1388 2392 legit:

286 2403 393 2468 quiaque
403 2403 508 2452 sortiter
518 2403 630 2464 iecerat,
639 2410 684 2452 aut
696 2400 820 2465 flagitium
856 2413 920 2466 quae
933 2403 1249 2467 voluntariaeappeiiavit.
1266 2403 1308 2456 Ad
1321 2404 1388 2453 Can·

286 2477 437 2539 admirarer,
448 2478 485 2528 ita
494 2479 534 2526 rei
545 2475 820 2539 proponebaturaiiia‚
856 2489 903 2526 naa
914 2490 1015 2540 qnoque
1031 2478 1108 2528 riotir
1119 2479 1253 2538 Romania,
1262 2487 1324 2537 aeta
1332 2479 1389 2529 mii·

286 2554 328 2602 ael
349 2553 566 2616 paatpanebatnr.
600 2551 666 2601 lade
685 2557 736 2615 eat,
750 2549 819 2616 qaod
857 2549 1321 2618 iiaaerearumeurptemilitaverant.
1334 2555 1386 2605 Sed

286 2627 819 2691 Augurinacertarianeaignamlninoeua·
857 2633 884 2676 et
896 2634 954 2690 poet
974 2629 1147 2680 calamitatem
1164 2631 1232 2695 apud
1244 2632 1388 2682 'i’braairne-

285 2717 315 2753 ea
329 2702 407 2766 jabet
424 2717 483 2752 auur
503 2701 670 2766 decempedie
692 2708 772 2765 itare,
791 2708 820 2753 at
857 2715 917 2750 num
933 2711 1075 2767 acceptam,
1095 2713 1122 2755 et
1141 2706 1210 2756 belia
1226 2707 1323 2770 aaoieli,
1346 2706 1396 2756 bi·¹

285 2779 412 2843 carpitam
429 2785 579 2842 partantea:
598 2791 705 2842 quornm
724 2779 819 2828 multae
857 2775 956 2826 bertini
968 2779 1202 2830 insacrameuturn
1218 2782 1386 2831 vacationut.

285 2869 346 2904 uene
360 2855 386 2904 in
400 2855 572 2904 tabernaculir
584 2853 761 2918 conficienda,
772 2856 818 2904 aii·
857 2851 897 2900 Aa
913 2867 947 2900 ne
964 2861 1041 2917 putea
1058 2855 1113 2904 lama
1131 2855 1157 2904 in
1177 2865 1266 2906 naatra
1285 2863 1386 2920 unauna

284 2929 357 2995 laque
378 2929 505 2979 abeundia
534 2929 634 2978 militia
662 2929 819 2979 rurrnaribua.
856 2928 996 2992 conliniare
1008 2929 1305 2997 ilep.ainriliaeaernpla
1317 2931 1386 2997 apud

286 3007 388 3058 creari·
440 3003 613 3070 Draempedia]
647 3005 820 3070 Decempeda
857 3003 1067 3056 lacedemoniae
1087 3007 1299 3060 atAtbeaieaaea
1311 3021 1386 3074 repe·

284 3085 386 3148 partica
405 3092 456 3142 oet,
471 3099 523 3148 qne
542 3091 683 3134 metaturae
701 3089 819 3147 utuntur,
855 3079 915 3130 riae.
933 3081 1092 3132 Macrobine.

284 3174 425 3212 enumera
442 3159 536 3224 pedum
554 3159 638 3220 dieta,
656 3158 725 3207 alant
744 3157 817 3222 qnin-
888 3154 1054 3206 irradiante
1070 3157 1168 3221 aenea]
1190 3158 1315 3209 Plaribna
1334 3173 1386 3210 ana

283 3235 384 3298 onpeda
394 3250 410 3283 a
419 3235 533 3298 quinque
543 3233 662 3296 pedibaa.
678 3231 703 3280 Α
714 3231 817 3281 decena·
855 3229 898 3280 die
911 3229 1009 3282 exortia
1028 3231 1166 3297 iacendiie,
1181 3239 1283 3297 reptem
1295 3233 1385 3285 nabar·

281 3309 351 3374 peda
369 3309 573 3374 decempedatar
594 3307 739 3358 deriratnr.
773 3306 816 3356 ci·
856 3311 896 3354 tae
907 3305 1043 3368 apartanie
1055 3305 1117 3357 incia
1136 3307 1272 3358 canetitnit
1284 3307 1386 3372 Angue-

282 3397 360 3435 oero:
376 3384 517 3434 ‘Carebat
538 3383 618 3434 etiem
634 3381 714 3432 Lucia
733 3380 816 3432 Antan
855 3389 907 3443 tna,
916 3385 946 3430 nt
956 3380 1029 3430 binae
1042 3382 1161 3444 ragianea
1172 3383 1250 3433 Urbia
1261 3399 1387 3448 urnaque·

283 3461 337 3524 nia,
353 3461 397 3525 qui
413 3458 500 3510 iuerat
516 3459 676 3524 aqniaoimna
690 3457 747 3520 agri
764 3457 817 3522 pri·
854 3469 905 3522 qure
921 3455 1013 3505 cuhara
1034 3463 1162 3522 tueretur,
1182 3461 1333 3523 prepaeitie
1349 3462 1386 3512 eie

281 3536 337 3584 rati
349 3542 377 3584 et
387 3533 484 3599 publici
494 3532 712 3598 decempedam?
853 3531 985 3588 Tribanie,
1003 3541 1031 3584 et
1048 3547 1127 3598 anper
1144 3549 1233 3585 amaea
1248 3536 1386 3599 epectabiii

318 3611 361 3662 l'ei
376 3609 449 3659 etiam
465 3609 577 3672 aeapiiera
591 3607 728 3672 portariae]
753 3607 816 3660 lali·
854 3605 920 3670 vira,
931 3607 975 3670 qui
988 3606 1132 3661 Praefertur
1146 3611 1252 3674 vigilam
1268 3611 1385 3674 appella·

282 3698 341 3736 mae
353 3685 447 3748 madae
459 3684 636 3734 erettiraunm
645 3683 764 3734 militiam
771 3698 816 3734 an·
853 3689 904 3732 tar.
928 3683 1035 3735 Paulina
1046 3693 1073 3735 et
1085 3685 1213 3750 Ulpieaua
1224 3687 1269 3739 lib.
1283 3699 1303 3738 t.
1314 3687 1384 3738 Paa-

282 3761 449 3824 epiaantiom,
461 3766 489 3810 et
500 3759 678 3823 caligatorum.
687 3774 751 3826 qnae
760 3761 816 3809 nui·
852 3757 952 3810 dacter.
969 3760 1013 3810 De
1029 3758 1114 3812 officia
1129 3759 1255 3812 Praesenti
1269 3762 1385 3826 vigilam.

281 3837 337 3888 iarn
348 3835 432 3887 adbuc
444 3833 545 3886 iaoinue
557 3835 689 3898 egregiam
701 3836 728 3884 in
739 3835 815 3886 altia-
856 3833 966 3884 Tar-reat.

282 3927 336 3961 rem
349 3909 644 3976 promoveratgradum.
671 3909 721 3959 iiie
732 3911 817 3960 amnia
885 3907 916 3958 Si
935 3907 1062 3973 lamellae]
1086 3909 1137 3964 tiu
1155 3918 1241 3962 anetae
1259 3909 1383 3978 ireqnena

282 3984 637 4038 sereincurnbebantmiiitla
645 3983 815 4036 muniatnam
852 3985 879 4034 ia
901 3985 981 4036 urbe:
1007 3987 1099 4051 ntique
1116 3995 1252 4052 paatqnaar
1272 3991 1382 4053 papulae

282 4063 310 4112 in
322 4061 412 4112 multia
420 4075 508 4111 aaran
517 4073 599 4123 opera
607 4059 748 4109 utebantur
758 4058 815 4108 'rri-
853 4059 929 4110 Ram.
939 4057 1055 4124 euffregil
1063 4061 1123 4125 jare
1133 4063 1238 4127 arnieaa,
1249 4061 1327 4126 ampit
1337 4075 1384 4112 eu·

282 4135 346 4188 bani
357 4143 384 4187 et
395 4135 561 4187 oentnrianea
578 4135 655 4200 piene
669 4135 696 4184 in
713 4132 815 4184 matiam
853 4149 911 4186 rare
921 4149 1015 4200 panem
1024 4136 1196 4188 etcirceneee
1205 4139 1297 4187 roiam.
1313 4136 1383 4188 Vide

283 4227 428 4278 auroram,
449 4219 479 4264 nt
500 4213 550 4278 ipei
577 4219 721 4279 queruntur
744 4210 814 4275 apud
852 4211 1246 4264 Suetoniuminclandiaedti.
1262 4213 1338 4264 Bm.

282 4287 403 4340 'l'aoitam
412 4288 496 4354 prima
512 4287 582 4342 Ana.
616 4286 684 4338 iada
700 4287 814 4338 nuntiati
885 4287 1318 4352 PeaaaiaaiarlbaaiediatanSenear
1326 4295 1385 4342 eat:
