3166 4904
463 378 510 426 nu
534 377 671 426 ouante
697 377 861 426 urrurou.
887 377 1011 428 runnu.
1197 362 1281 428 1101

188 518 373 602 Pompeium
394 521 531 602 quidam
554 521 706 586 historici
727 521 946 598 tradiderunt,
962 521 1025 586 rub
1047 519 1158 604 ipsum
1181 523 1282 586 civile

186 623 322 699 bellum,
345 623 580 704 quo-iuciiius
607 623 693 687 Ceio
721 621 871 700 Curioni,
896 623 1127 705 promtissime
1152 622 1281 707 juveni,

186 743 325 788 censum
350 724 497 788 Caesnris
523 723 726 800 defendenti,
751 721 1020 798 contrudieeret,⁶
1043 725 1202 806 repetiere
1225 725 1283 789 de·

185 825 353 890 clamandi
376 825 677 904 consuetudinem
695 821 843 888 Murcum
858 823 1040 901 Antonium,
1061 826 1140 889 item
1158 823 1282 911 Augur·

184 937 260 996 tum,
275 945 316 988 ue
333 925 517 990 Mutinensi
540 927 676 1010 quidem
698 926 790 992 bello
812 926 980 992 omisisse.
1027 923 1111 989 Nero
1130 925 1234 990 Caeaur
1249 930 1283 990 ei

182 1025 292 1109 primo
307 1027 439 1107 imperii
454 1035 568 1105 unno,¹¹
582 1027 718 1110 publice
742 1046 875 1110 qnoque
898 1027 950 1092 bis
975 1033 1098 1104 auteur
1114 1027 1283 1094 deotemu-

184 1127 277 1192 vit:v
299 1127 449 1212 plerique
463 1138 575 1192 eutem
590 1137 756 1194 erutorum
773 1130 872 1193 etiem
895 1128 1154 1192 declamationes
1169 1129 1282 1192 edide-

646 1289 828 1310 ΝΝΝΝΜΙ

185 1388 228 1437 tu.
241 1388 396 1438 seutentiam
408 1396 511 1438 secutur
522 1389 601 1439 Febri
613 1391 646 1439 ad
656 1391 751 1440 Seuer.
761 1392 802 1440 cui
815 1389 904 1440 obriue
914 1389 962 1438 ivit
970 1390 1131 1452 Brome-ii
1150 1389 1209 1438 Cum
1218 1387 1281 1438 dite·

184 1451 309 1502 retvers.
336 1453 421 1517 Supra
432 1469 516 1503 cuum
536 1455 598 1503 Cer.
618 1455 697 1504 Forte.
708 1458 735 1503 iu
748 1471 809 1517 que,
830 1463 858 1503 ut
876 1455 900 1503 iu
920 1455 980 1503 vet.
999 1455 1074 1516 impr.
1091 1459 1115 1501 at
1128 1463 1189 1501 aute
1205 1455 1282 1515 prium

187 1515 272 1565 deerr.
304 1517 371 1566 item
382 1518 458 1567 Heri.
468 1519 513 1567 dat
522 1533 565 1567 uec
577 1519 690 1570 Mau-⁷
704 1519 816 1570 Quidam
828 1520 918 1580 legunt
933 1518 969 1567 dir
979 1524 1007 1566 ut
1025 1522 1106 1580 orico,
1118 1525 1281 1580 repugnante

187 1579 299 1630 casaub.
319 1582 394 1645 Conj.
403 1583 519 1632 Brorrkh.
529 1583 564 1632 iic
574 1583 601 1631 ie
612 1583 651 1633 die
662 1585 720 1633 deci.
738 1584 828 1632 Burm.
839 1585 895 1646 imp.
907 1597 967 1631 nuuc
978 1583 1059 1645 reurei,
1067 1581 1131 1646 pull.
1143 1597 1167 1644 q.
1179 1581 1216 1631 bie
1224 1598 1247 1630 u.
1256 1581 1281 1630 d.

674 1723 785 1774 Nom

183 1803 338 1866 pultrellum.
353 1803 416 1852 vidit
427 1805 675 1854 turbulentiaaimum
688 1813 716 1854 et
755 1805 837 1853 rottei:
867 1804 971 1868 quando
989 1805 1029 1854 M.
1048 1804 1159 1861 Tulliua,
1177 1806 1281 1854 Cerere

183 1879 415 1927 luctuoairriurnnr?
433 1879 519 1930 Quare
534 1879 611 1928 etiam
624 1879 713 1927 eodem
755 1879 814 1928 helii
832 1879 914 1928 rivilir
934 1879 1094 1942 reliquiario
1113 1877 1203 1927 Africa
1225 1895 1282 1942 per·

182 1967 248 2001 auno
256 1961 411 2003 euntomnee
419 1954 554 2002 exstincti:
563 1955 714 2003 Ciceronem
752 1962 888 2018 aequente,
899 1955 966 2003 inter
979 1969 1050 2016 rpem
1061 1961 1207 2016 metumque
1220 1969 1281 2017 peu-

184 2026 251 2083 dim.
262 2037 289 2076 et
301 2028 388 2077 umber
400 2029 534 2077 Conantes.
558 2027 634 2078 Adde
646 2028 714 2093 quod
752 2029 815 2076 deur
824 2029 910 2084 enimi,
921 2027 978 2078 inre
990 2035 1017 2077 et
1026 2028 1096 2078 curie
1105 2042 1132 2076 ea
1141 2029 1281 2093 abitinere,

182 2117 214 2151 ne
225 2103 249 2150 iu
263 2104 325 2152 urbe
335 2102 450 2169 quidem,
462 2103 510 2152 uiri
519 2118 615 2168 parrona
626 2105 714 2154 edmo-
751 2118 782 2152 rc
793 2103 863 2152 domi
881 2104 1017 2166 plurimum
1038 2103 1281 2167 continuumqu-

183 2178 243 2228 duur
260 2193 361 2228 menter
373 2179 540 2240 pertuditnm
553 2181 713 2229 cumulatum
752 2180 817 2228 rium
837 2192 910 2228 auum
933 2178 1012 2228 otiurrr
1033 2178 1125 2227 erudiit
1146 2178 1281 2230 literatum

182 2253 285 2302 Hirtius
297 2263 325 2302 et
335 2255 419 2302 Panse
428 2262 612 2303 remanserunt.
646 2256 713 2303 Nem
751 2255 892 2304 rotabatur.
910 2255 1082 2304 Existimrbrt
1095 2253 1220 2303 Nicoirur
1235 2255 1281 2304 Fr·

181 2329 381 2393 cumprineipio
398 2331 458 2378 antri
478 2329 558 2378 horti·
581 2328 713 2379 Antonine
751 2331 806 2390 ber,
828 2331 862 2380 V.
885 2329 926 2379 Ci.
954 2329 1082 2378 niblatam
1111 2330 1142 2376 iri
1173 2329 1281 2386 terrim

89 2433 92 2438 -
182 2411 253 2452 erret
266 2403 411 2466 judicetur,
429 2403 491 2452 belii
513 2403 713 2454 administrauit
750 2405 1019 2469 absurditateu,irnjur
1044 2403 1117 2464 dicti,
1145 2406 1165 2454 ri
1193 2406 1282 2462 delete

183 2479 315 2542 prouincia
337 2479 436 2528 Cereri
452 2493 509 2528 curu
522 2493 590 2528 coar.
608 2479 711 2528 deman·
751 2496 814 2530 rece
834 2481 982 2539 Cerealium,
998 2481 1166 2536 scriberetur,
1185 2487 1210 2531 et
1228 2481 1281 2544 qui·

183 2553 255 2615 data,
272 2553 353 2616 primo
365 2568 435 2614 vere,
451 2562 495 2603 aut
506 2554 585 2603 etiam
596 2564 710 2604 exeunte
750 2560 864 2606 derueum
877 2559 962 2607 Hirtio
973 2564 995 2607 ei
1008 2557 1099 2606 Purra.
1132 2557 1197 2605 Mihi
1210 2556 1281 2606 ride·

182 2629 276 2690 itieme,
294 2629 395 2678 Hirtius
416 2636 444 2678 et
463 2629 548 2677 Pania
562 2630 641 2678 Rome
653 2643 712 2690 pro·
753 2632 828 2680 betur
845 2633 996 2693 Suetonius,
1023 2631 1067 2694 qui
1089 2631 1169 2693 probe
1192 2631 1281 2679 memi-

183 2702 257 2765 i'ecti,
278 2718 408 2767 nonquam
428 2710 518 2766 portea
532 2701 622 2754 urbem
640 2703 711 2753 ride·
751 2713 826 2754 uerat
837 2706 947 2754 aiterum
960 2706 1048 2754 irorum
1061 2711 1277 2766 praeteriturorum

183 2787 253 2828 runt·
285 2780 361 2831 Quod
380 2779 459 2841 igitur
481 2779 591 2828 liberum
613 2788 714 2842 tempus
751 2777 829 2826 irrisae
850 2779 975 2835 Hirtium,
1002 2779 1028 2826 in
1049 2779 1156 2827 alteriue
1178 2779 1280 2827 nurnine

184 2852 714 2903 uddeclamandumillir(innauiibuafult?
752 2854 816 2902 titio
837 2853 963 2904 memorie
989 2853 1095 2915 inpane:
1123 2860 1202 2916 utque
1231 2855 1280 2902 hoc

182 2929 272 2990 Ipsum
289 2941 392 2992 quoque
408 2927 560 2976 Ciceronem
590 2931 615 2974 iu
636 2929 714 2978 tantia
753 2937 831 2990 pecto
850 2928 1075 2988 aroldisseium
1096 2929 1196 2977 ratione
1212 2930 1281 2976 teut-

183 3005 252 3053 curir
273 3004 337 3063 ruia,
352 3015 380 3052 et
402 3001 557 3065 gravissimis
578 3017 625 3066 pro
649 3003 713 3066 licp.
753 3015 844 3064 porum
865 3007 963 3051 tautum
985 3002 1152 3066 delinqueret.
1197 3003 1281 3053 Porro

182 3079 402 3141 contentionibus,
427 3091 534 3142 querum
554 3085 714 3128 terreamur
752 3077 881 3138 Ciceroni,
897 3076 1009 3142 eoquod
1029 3077 1138 3126 diximus
1154 3084 1279 3140 tempore,

183 3158 313 3205 erutiones
325 3153 489 3218 Philippicae,
506 3153 538 3202 ad
551 3151 596 3203 her
613 3143 714 3204 exerci-
751 3152 828 3202 etiam
839 3152 902 3202 niior
914 3153 1280 3216 procereaiiurnrunroperam

182 3232 294 3280 tatieuer
308 3231 447 3279 rhetoricen
467 3229 576 3278 culmum
595 3230 713 3293 potuiaae
751 3227 863 3293 dedisce,
879 3227 1041 3293 perqunmiit
1053 3228 1113 3276 milri
1125 3228 1279 3278 veririmlie'r

184 3313 345 3366 convertere,
363 3306 419 3367 quir
440 3306 537 3367 putet?
560 3318 644 3369 neque
665 3306 713 3356 iroc
751 3317 781 3352 ec
796 3301 907 3352 fortulae
919 3303 989 3353 ilium
1001 3304 1163 3353 decl-uraudi
1175 3317 1281 3354 conrue-

184 3393 245 3431 rrne
260 3390 304 3430 tut
324 3379 479 3430 Plutarchus
496 3377 571 3436 dicit,
587 3388 632 3429 unt
644 3381 712 3444 quie·
750 3377 866 3427 tudinem
884 3378 1040 3441 respiciebat
1052 3379 1085 3426 B.
1095 3379 1279 3443 Hieronymus,

184 3470 258 3519 quum
266 3463 392 3505 veterum.
418 3455 517 3504 Narrat
528 3455 627 3504 Seneca
638 3462 713 3517 peter
750 3467 808 3502 cum
827 3455 853 3501 in
869 3453 975 3502 Errrebii
988 3453 1114 3503 Chronico
1132 3455 1278 3504 iiiuuntinm

185 3530 336 3594 prefatione
359 3531 385 3578 in
405 3529 499 3578 librum
516 3529 712 3579 Controversia·
751 3529 874 3578 Plancum
903 3527 1036 3578 Ciceronis
1058 3529 1212 3592 discipulum
1235 3525 1281 3593 up'·

184 3603 552 3668 rumrertbereutuutttuu,
569 3605 712 3655 ‘inatrioio
750 3603 864 3666 pellurit.
898 3603 973 3654 Quod
985 3602 1070 3652 etiilae
1081 3603 1172 3652 Planci
1183 3605 1280 3667 epieto·

184 3679 247 3730 door
275 3679 388 3744 prandes
423 3685 592 3742 pretextatus
625 3693 711 3728 aecum
749 3677 791 3737 lte,
819 3675 962 3740 purimlruae
995 3677 1154 3735 Latinitatis,
1179 3687 1206 3725 et
1235 3679 1277 3725 rei

185 3755 330 3805 declamare
342 3753 447 3804 rolitor!
466 3753 521 3816 Ego
536 3768 586 3803 rrou
599 3753 711 3818 ambigo,
750 3753 875 3804 Cicerone
894 3753 1058 3818 dignissime,
1084 3755 1203 3809 suadent,
1221 3767 1278 3816 qute

185 3829 248 3878 duur
257 3829 315 3879 iilos
325 3835 495 3893 praetextatos
503 3827 584 3878 iniere
596 3827 711 3877 Hirtium
748 3829 875 3894 lrodieque
884 3829 1140 3880 intercicerouianae
1149 3829 1279 3888 leguntur.

185 3912 213 3954 et
229 3905 399 3963 Doirbeiirm,
426 3915 490 3967 quor
512 3905 567 3966 ipre
587 3903 712 3964 nominat,
754 3907 853 3954 curui.

185 3979 358 4042 pulcherrime
366 3979 476 4042 epistola
485 3977 516 4026 ud
529 3977 640 4039 l’rrturn,
648 3977 711 4026 libro
782 3987 794 4013 ¹
813 3979 878 4028 Nero
892 3981 1006 4029 Caesarei
1021 3977 1279 4042 primuimperiiuuuo]

186 4067 226 4104 rx.
245 4053 280 4104 Hi
293 4069 342 4104 nen
355 4069 386 4103 eo
396 4067 461 4103 auuo
478 4069 553 4117 quem
567 4055 602 4101 ait
622 4053 710 4102 Sueto·
752 4053 783 4102 Iu
793 4063 845 4103 ret.
856 4055 928 4119 irnpr.
938 4069 987 4104 non
996 4062 1053 4103 erat
1066 4051 1280 4102 cuinullum.

186 4130 253 4193 uiue,
278 4131 321 4178 red
345 4129 455 4179 triennio
477 4129 560 4190 prius,
584 4129 649 4177 iture
678 4127 711 4176 ad
782 4127 1279 4194 'PubliceqroqueiirartendeelumuuitJ

184 4203 336 4254 ciceronem
346 4211 373 4254 et
382 4203 444 4254 iliud
454 4205 572 4254 atriolum
580 4204 711 4254 celebrere
751 4203 811 4255 tion
825 4205 970 4253 nccermrio
981 4201 1083 4266 quidum
1096 4201 1232 4254 emendent
1244 4201 1279 4252 tu
