3234 4888
320 411 406 476 1284
668 423 775 474 uuna
799 423 997 474 vaurunuu
1023 424 1062 471 ru

321 563 356 622 τᾷ
371 567 403 618 et,
421 561 457 610 ita
469 562 650 612 conutituaotir
667 562 846 623 nunciorum
883 562 974 612 ciunt:
1007 562 1075 611 Nam
1098 561 1257 611 subditorum
1280 563 1410 626 querimo-

323 639 411 688 Pena·
421 637 557 695 Ιιιοίιιινιιιιι
573 638 652 698 aurit,
663 653 715 686 eane
725 639 848 699 incapietee
884 638 933 685 niic
945 646 974 686 et
984 637 1166 686 controuersiis
1175 637 1331 686 audientiam
1341 639 1409 688 ordi·

321 711 453 770 eosneiiiaa
463 727 488 760 ee
496 713 580 762 eeeim
590 711 730 774 obligarent,
741 713 800 774 quod
811 711 847 758 in·
884 712 980 760 nariam
993 713 1121 775 praebere,
1131 721 1158 760 et
1173 712 1241 774 Jurir
1258 713 1358 776 copiam
1370 713 1408 762 ia·

322 787 398 848 trane
407 787 556 849 putrireoaiia
571 788 705 836 exulabant.
739 786 847 836 Parrici-
883 801 943 837 cere
954 789 1079 836 uolebant.
1096 788 1172 836 Bern.

321 863 374 924 dae,
383 868 409 911 ut
420 864 503 912 Cicera
512 862 603 925 earibit,
614 863 679 912 beria
687 861 802 920 omniu,
810 875 846 908 re·
908 859 1111 923 Repetuadurum]
1121 859 1409 924 Repetundarum(aub·

320 940 505 1002 iiqrmdiruidia
513 940 708 1002 purtemitaeit.
735 939 847 988 Probae
884 935 955 995 audi,
974 935 1153 999 pecuniarum)
1178 937 1285 997 crimen,
1309 934 1410 986 admon

321 1014 846 1065 tententiaetiaudatieeinroCoeaariein-
883 1010 996 1074 ἐπαρχίας
1025 1013 1165 1062 Plutarcho
1195 1018 1222 1060 ct
1250 1011 1318 1073 aliia,
1350 1019 1408 1061 erat

319 1091 412 1140 rtitnto
423 1091 539 1154 inprimit
551 1089 613 1139 facit
623 1091 768 1153 exemptum
780 1090 847 1139 illiue
885 1088 987 1150 notando
1003 1089 1196 1151 magietratuea
1210 1087 1288 1136 rociir
1305 1094 1332 1137 ct
1351 1101 1410 1150 pro·

321 1164 410 1225 Marii,
430 1167 463 1214 de
486 1179 537 1229 quo
552 1165 686 1216 Juvenalie
709 1165 805 1226 Satyra
827 1177 846 1212 ι.
884 1161 1035 1212 vinciaiibne
1055 1167 1145 1211 contra
1157 1162 1226 1223 leger
1246 1159 1343 1224 atiquid
1355 1161 1409 1210 eai-

320 1239 482 1290 ‘Dumnatua
493 1240 563 1289 inani
574 1239 678 1290 dudicio
693 1240 767 1304 (quid
779 1241 846 1288 euim
883 1248 975 1300 gerent
987 1239 1181 1300 acciperentre.
1198 1237 1229 1286 Id
1240 1237 1308 1286 enim
1320 1237 1407 1286 Romu

321 1317 400 1365 ιιΙιίι
411 1314 515 1366 iufamia
527 1317 636 1366 nummio
645 1317 666 1376 i)
682 1317 747 1364 Eaui
759 1317 792 1364 ab
804 1330 846 1364 oc·
879 1313 982 1376 judicio
995 1321 1126 1378 repetere,
1138 1327 1168 1362 ac
1185 1312 1287 1360 (ionium
1300 1312 1410 1374 referre,

321 1395 383 1440 tava
393 1389 491 1439 Mariua
502 1390 575 1445 bibit.
586 1399 613 1439 et
629 1389 724 1440 fruitur
735 1391 781 1439 Dia
791 1391 846 1438 Ira-
883 1391 959 1440 aociia
970 1405 1118 1441 concentum
1129 1389 1228 1452 legibue
1240 1388 1297 1438 suit.
1314 1389 1388 1438 [deta.

322 1466 365 1520 tia.
377 1475 404 1513 at
416 1474 454 1528 tu,
470 1465 563 1514 victrix
581 1464 730 1524 Provincia,
745 1463 846 1526 ploran'
917 1467 1131 1516 Ordiueaenatorio
1141 1463 1224 1527 mouit]
1242 1463 1310 1512 Ante
1322 1464 1409 1512 Caeaa·

322 1540 375 1590 Ubi
387 1547 460 1588 aetna
475 1541 622 1601 interpres:
638 1539 730 1588 ‘inani
736 1539 846 1602 judicio,
883 1555 947 1596 ram,
959 1542 1001 1605 qni
1016 1541 1216 1605 repetundarum
1224 1539 1331 1588 crimine
1341 1539 1410 1588 aeci·

321 1629 373 1664 non
384 1615 510 1676 ademptio
521 1612 611 1664 boniol
627 1615 752 1662 Boxum.
787 1615 847 1664 Cuia
883 1615 984 1677 derunt,
1005 1617 1083 1664 exitio
1106 1615 1276 1678 puniebantur
1292 1621 1320 1663 et
1341 1613 1411 1663 aaut·

321 1690 456 1752 locupletet]
473 1691 532 1740 Hoc
547 1688 649 1752 judicio
670 1688 696 1737 id
718 1691 847 1751 epectaait
884 1695 1006 1740 matione.
1030 1694 1087 1754 iege
1107 1691 1179 1742 Joiia
1197 1689 1273 1738 iidem
1293 1688 1409 1738 ordinem

322 1764 420 1821 Gerar,
431 1779 464 1814 ue
483 1766 555 1814 bouie
569 1765 621 1814 auia
633 1765 659 1813 in
670 1765 749 1813 exitio
759 1763 847 1814 iruen·
883 1767 1033 1822 amiserunt,
1052 1777 1080 1815 et
1093 1765 1195 1830 judicer
1210 1764 1242 1812 ad
1258 1764 1330 1816 litem
1342 1764 1411 1814 uati·

321 1848 372 1904 ter,
389 1841 511 1905 reapplicii
530 1853 629 1903 pecuum
650 1841 745 1890 unitam
767 1841 846 1890 renti·
883 1846 1000 1896 mandam
1013 1853 1180 1908 acceperunt.
1200 1843 1302 1894 Omani.

322 1916 480 1966 renuidem.
916 1921 1022 1970 Diremit
1051 1919 1156 1984 nuptiae]
1185 1920 1265 1968 Recte
1292 1916 1410 1977 sactum3

355 1989 533 2051 fflictentur
543 1989 849 2052 patrimoniieerruiabont]
884 2010 933 2044 uon
951 1996 1096 2046 modorum
1109 1995 1221 2059 alioquin
1233 1994 1313 2043 etiam
1330 1995 1409 2056 ‘qua

320 2065 416 2114 Libera
439 2067 506 2129 Rep.
534 2080 591 2116 raro
608 2064 714 2127 factum,
736 2073 766 2115 ut
785 2067 848 2115 civia
885 2068 1410 2134 percaioremrepudiomrerniaerat.bre-

320 2139 396 2188 Rom.
407 2140 463 2189 eine
475 2140 619 2204 privilegio,
631 2139 732 2202 judicio
743 2141 848 2203 pubiico
886 2145 909 2192 ri
918 2160 1029 2200 reverta,
1042 2160 1089 2194 nec
1100 2145 1237 2193 divortione
1248 2143 1367 2204 videtur:
1378 2156 1411 2192 ex

321 2213 553 2264 condemnaretur:
565 2215 847 2264 omuibuaenimiibera
885 2220 902 2270 Ι.
915 2234 957 2270 ιιι.
969 2219 996 2270 ff.
1018 2221 1051 2269 da
1072 2221 1166 2270 divort.
1183 2233 1268 2267 aerum
1287 2219 1366 2267 etiam
1381 2226 1411 2268 ut

320 2285 381 2348 fuit,
394 2289 462 2350 prinu
472 2303 547 2352 quam
559 2289 687 2338 sententia
699 2289 846 2350 pronuntia·
886 2297 1066 2346 concuteretur
1076 2295 1204 2344 noneauni
1217 2293 1338 2357 publicu,
1353 2307 1411 2341 ron·
1428 2311 1432 2322 ¹

320 2371 403 2423 retur,
419 2364 528 2412 abeundi
548 2372 671 2426 potentat.
689 2363 727 2412 ita
743 2372 848 2412 eeoten·
886 2369 1021 2433 gniuiaqua
1049 2369 1162 2419 turbatio
1188 2370 1325 2417 vitaretur.
1367 2365 1411 2416 Ob

322 2437 384 2486 tiam
393 2437 491 2500 judicia
503 2438 576 2488 aimul
592 2446 620 2486 et
630 2438 753 2486 bonorum
761 2437 847 2499 jactu·
886 2455 962 2503 quam
974 2442 1078 2492 taudem
1089 2457 1190 2492 caricam
1202 2452 1334 2505 receptum
1350 2455 1411 2490 cou-

320 2525 375 2559 ram
399 2509 554 2560 evadebant.
587 2509 660 2560 Idem
685 2511 729 2572 jur
750 2510 800 2560 iuit
820 2519 847 2560 et
885 2516 1055 2580 obiturumque
1075 2516 1145 2580 apud
1166 2517 1293 2566 Romanae
1309 2515 1367 2571 fuit,
1383 2521 1411 2564 ut

320 2583 420 2634 civibur
432 2583 647 2634 Atbeoienaibua=
666 2584 735 2633 unde
752 2600 847 2636 romae·
886 2597 1013 2640 mortuum
1026 2591 1146 2642 maritum
1155 2605 1219 2640 uxor
1230 2605 1276 2655 per
1285 2593 1410 2652 integrum

319 2667 390 2716 runt,
402 2667 431 2708 ut
444 2665 515 2722 pato,
526 2660 642 2710 Romani.
661 2660 762 2710 corun
886 2665 946 2714 anui
957 2673 1057 2728 tenipus
1066 2667 1283 2730 elugcrenecerae
1294 2665 1411 2720 haberat,

353 2734 505 2797 Parricidae]
529 2734 677 2786 Parricidae
696 2743 773 2787 vocat
794 2751 847 2788 om·
886 2737 993 2788 infamia
1004 2741 1118 2803 irrogata
1129 2753 1203 2790 aeeua
1219 2738 1334 2798 facienti,
1345 2749 1374 2788 ut
1385 2747 1413 2788 et

319 2822 374 2862 uer.
393 2809 437 2871 qui
457 2809 567 2859 scientae
592 2810 719 2860 bominem
737 2812 846 2862 liberum
885 2812 920 2876 ei,
932 2813 974 2876 qni
993 2815 1070 2864 tatem
1086 2813 1155 2862 intra
1172 2811 1234 2862 iiiud
1252 2821 1353 2875 tempor
1364 2812 1410 2863 du·

319 2884 528 2943 occidentium
546 2887 613 2934 enim
631 2894 660 2934 ct
676 2887 766 2936 Numae
786 2889 846 2936 ier:
886 2897 960 2938 caret
971 2889 1065 2938 ecieue.
1083 2889 1159 2938 Rern.

319 2961 366 3009 ‘Si
393 2961 449 3025 quia
474 2961 600 3008 immunem
627 2961 736 3011 liberum
762 2963 846 3012 aciem
917 2963 1042 3024 Praetorii]
1060 2963 1178 3012 Praetura
1190 2959 1281 3011 iuncti.
1298 2961 1372 3012 [deae.

319 3037 397 3085 morti
413 3035 621 3097 duit‚perricida
639 3037 712 3088 eno.’
745 3038 846 3086 EtTri-
916 3038 1070 3098 Digressum]
1088 3037 1206 3100 Repudio
1218 3037 1355 3088 dimittam.
1371 3039 1410 3088 Id.

321 3113 420 3166 buoitia
443 3114 512 3177 apud
536 3115 637 3162 Factum
661 3115 687 3162 in
712 3114 846 3164 ‘Secari'
917 3113 1102 3172 Peregrinarum
1117 3112 1239 3174 ιιιειοίιιιι]
1259 3112 1411 3175 Peregrina·

318 3189 367 3236 ‘Si
378 3189 435 3250 quir
446 3200 504 3236 eum
521 3188 565 3249 qui
582 3187 717 3248 piebiecito
729 3199 801 3236 aacer
812 3187 847 3236 ait
885 3201 941 3235 rum
963 3187 1086 3236 mercium
1104 3185 1206 3249 epeciea
1228 3194 1410 3236 enumerantur

319 3261 456 3322 occiderit,
484 3259 612 3322 perricida
637 3274 669 3308 na
693 3258 746 3308 rit!
789 3260 846 3310 Hae
884 3259 902 3310 i.
919 3262 968 3310 uit.
994 3263 1008 3324 ρ
1036 3262 1149 3324 operiet,
1167 3259 1195 3310 ff.
1215 3261 1248 3310 de
1267 3261 1410 3324 publicanis

319 3349 381 3398 erpo
403 3337 476 3384 bunia
496 3335 614 3385 omuiboe
637 3335 764 3396 multavit,
787 3337 845 3385 reii-
884 3337 1042 3398 etrectipab
1076 3336 1124 3385 Hie
1136 3337 1161 3386 in
1173 3337 1278 3386 ltaliam
1290 3337 1411 3399 importa-

320 3409 447 3474 quoa,qui
459 3422 509 3457 uon
526 3406 662 3456 occidendi
672 3409 766 3468 enimc,
777 3411 845 3460 orci·
884 3411 926 3466 tie,
943 3413 1090 3473 ‘portoria'
1112 3427 1157 3462 eeu
1176 3413 1313 3476 vectigaiia
1330 3413 1412 3476 porti·

320 3484 407 3533 derint
415 3491 512 3546 tameo,
521 3490 596 3547 parte
608 3483 722 3544 dimidia,
730 3485 768 3532 ric
776 3486 845 3534 euim
885 3487 935 3534 tori
945 3488 1066 3536 eolreuria
1077 3487 1148 3552 (quae
1164 3488 1257 3538 Strabo
1266 3487 1411 3550 camut

320 3559 387 3606 huuc
406 3558 489 3630 iactum
510 3558 676 3620 interpretor.
709 3558 776 3608 vide
793 3560 809 3608 i.
826 3574 845 3608 ι.
882 3558 944 3618 τέλη
960 3561 1094 3623 eleganter
1113 3563 1236 3624 appellat,
1253 3569 1281 3612 ut
1298 3563 1410 3624 ieame-

319 3640 347 3681 et
364 3633 381 3679 i.
399 3645 436 3682 ov.
462 3631 494 3679 ad
515 3633 564 3694 leg.
585 3633 664 3682 Coro.
684 3633 716 3682 de
739 3633 845 3684 sicariis.
883 3635 990 3699 atquae
1002 3650 1049 3698 pro
1061 3637 1189 3686 mercibus
1197 3641 1340 3700 exportatio
1349 3639 1410 3686 dan·

322 3705 430 3756 Tomari.
883 3709 939 3773 tur)
951 3725 966 3759 a
977 3711 1080 3760 Cartare
1098 3719 1159 3760 cunt
1177 3712 1314 3775 imponita3
1334 3729 1409 3776 quam

351 3781 419 3832 Cur.
429 3783 469 3829 ta.
480 3781 726 3845 Juaiaborioriaaime]
739 3783 796 3832 Hoc
806 3785 844 3847 ip·
883 3794 955 3835 recta
972 3785 1030 3848 boc,
1049 3788 1163 3836 oateudit
1175 3787 1216 3837 io.
1234 3788 1350 3838 Bodiour
1365 3789 1408 3840 tib.

319 3871 374 3908 aum
395 3856 503 3906 totidem
521 3870 602 3919 prope
618 3857 704 3906 verbio
721 3859 754 3907 de
767 3859 844 3909 Clau·
884 3873 920 3908 ιι.
933 3861 965 3910 de
976 3862 1040 3925 κιρ.
1053 3877 1076 3910 c.
1089 3867 1113 3911 ἢ.
1127 3877 1152 3924 p.
1162 3865 1219 3910 ool.
1236 3863 1364 3912 Caeterum
1376 3878 1410 3912 ex

317 3933 361 3982 dio
379 3933 482 3982 Curare
501 3939 576 3982 autor
591 3933 616 3982 iu
633 3933 689 3995 ejua
709 3935 768 3983 eitra
785 3949 842 3998 cap.
881 3935 930 3983 boc
945 3937 1042 3984 notorie
1057 3937 1113 3984 luco
1131 3945 1204 3999 patet
1218 3935 1281 3984 iliud
1298 3950 1408 3999 quiaque,

318 4009 501 4072 1t.pradicet.
535 4008 701 4072 Idemqoede
719 4008 844 4072 dogueto,
882 4009 959 4059 aoiiue
981 4009 1149 4073 Imperatorio
1165 4023 1231 4066 crae,
1249 4023 1315 4058 nova
1328 4014 1407 4062 recti·

317 4097 374 4147 cap.
386 4087 425 4133 bt.
441 4083 475 4133 de
495 4083 588 4138 Galba,
607 4097 666 4146 cap.
682 4087 707 4132 7.
718 4089 742 4133 8.
753 4089 777 4134 9.
811 4085 842 4136 Iu
881 4084 958 4147 galia,
985 4085 1108 4146 portoria,
1136 4083 1243 4144 ripatiea
1263 4084 1407 4143 instituere,

316 4159 355 4206 bie
367 4159 437 4220 maii,
454 4157 547 4218 ianoe,
563 4156 660 4221 aliqui:
676 4157 722 4206 ead
739 4159 842 4209 ‘iauda-
860 4187 863 4195 ·
882 4162 923 4208 rei
935 4168 964 4210 ut
975 4159 1141 4208 inatitnautur
1153 4165 1337 4222 augeanturre‚
1348 4176 1408 4224 per·

316 4231 378 4281 bilia
394 4233 476 4284 muita
493 4231 630 4296 Principee
643 4229 723 4280 ctiam
734 4232 794 4282 maii
805 4232 843 4283 fa·
881 4235 1001 4286 mittere:
1018 4232 1088 4297 quod
1105 4231 1191 4282 multia
1208 4235 1319 4287 obtendit
1330 4235 1406 4286 Arni·
