3166 4904
604 399 848 448 FRAGMENTA.

482 673 601 739 Auctor
616 673 825 762 Etymologici
845 675 972 764 Magni.

223 805 442 892 Ἀρχολίπαρος,
457 814 470 871 ὁ
486 815 611 895 λιπαρῶν
624 809 669 872 liu
684 813 777 896 ἀρχῆς
791 811 878 897 τύχῃ,
894 817 907 874 l
922 813 953 876 iu
968 817 1016 874 roi
1029 811 1130 898 ἄρχειν
1144 809 1269 876 bisurti-

172 931 270 988 μενος.
292 905 363 972 οὕτω
381 908 567 996 Τρᾶγκυλλος
580 913 642 998 rrpl
658 914 863 993 βλασφημιῶν.

386 1111 440 1177 Do
453 1111 690 1180 Grammaticis
704 1121 738 1180 et
753 1115 960 1182 Rhetoribus
975 1112 1078 1180 Libri.

180 1235 233 1310 D.
250 1241 458 1332 Hieronymus
481 1245 514 1310 iu
533 1245 721 1334 prefatione
740 1245 887 1337 Cotologi
904 1247 1096 1336 Scriptorum
1117 1247 1270 1347 ccclesias-

658 1349 797 1416 ticorum.

223 1434 393 1542 Hostius,
411 1467 549 1546 Dexter,
570 1472 613 1546 ut,
634 1467 864 1552 Tranquillum
883 1487 1040 1552 sequens,
1056 1467 1270 1536 Ecclesiasti-

177 1585 242 1632 cos
263 1568 444 1650 scriptores
466 1568 500 1632 in
523 1561 668 1632 ordinem
691 1570 856 1652 digeram:
887 1575 921 1634 et
948 1568 1037 1652 quod
1059 1570 1113 1636 ille
1135 1570 1170 1634 iu
1191 1589 1271 1638 euu-

175 1667 346 1733 merundis
367 1670 535 1734 literarum
563 1670 644 1734 viris
673 1669 753 1736 tecit
779 1671 972 1748 illustribus,
1001 1689 1062 1754 ego
1086 1673 1119 1735 in
1141 1675 1268 1738 nostris

176 1768 314 1834 faciem.

425 1917 513 1985 idem
533 1921 568 1985 iu
591 1919 732 2006 Epistola
754 1920 797 1984 od
818 1917 1024 1984 Desiderium.

223 2053 352 2138 Scripsi
366 2055 485 2120 librum
500 2056 542 2122 de
556 2057 739 2124 iliustribus
758 2056 839 2122 viris
858 2056 903 2121 ab
918 2053 1095 2138 Apostolis
1106 2073 1213 2138 mque
1227 2056 1269 2118 ed

177 2161 320 2324 pppitppnm
343 2163 486 2236 aetutem,
507 2159 656 2224 imitatus
670 2158 912 2275 tranquillum,
928 2155 1151 2239 Groeoumque
1164 2155 1270 2240 Apol·

555 2393 609 2458 Ex
633 2393 726 2458 libris
745 2393 891 2457 incertis.

427 2526 612 2592 Censorinus
633 2526 671 2589 de
692 2525 795 2590 uotoli
815 2526 865 2590 die
886 2546 954 2610 cop.
970 2523 1024 2588 20.
1112 2537 1116 2546 '

221 2661 353 2726 Annum
377 2668 556 2726 vertentem
585 2661 707 2725 Romus
734 2660 887 2726 Licinius
916 2658 1047 2744 quidem
1079 2659 1206 2734 Macer,
1235 2665 1269 2724 et

176 2763 505 2848 postesFeusstellu,
517 2763 628 2828 stetim
641 2765 684 2828 ab
697 2764 792 2828 initio
804 2761 979 2826 duodecim
993 2760 1150 2826 meusium
1162 2761 1267 2826 fuisso

176 2867 400 2948 scripserunt3
422 2865 481 2929 sod
506 2864 614 2947 magis
637 2865 659 2930 J
663 2865 742 2929 unio
760 2863 969 2942 Gracchano,
992 2869 1026 2928 et
1049 2862 1168 2927 Fulvio
1186 2861 1269 2926 Var-

176 2968 265 3044 roni,
276 2972 311 3030 et
322 2965 496 3043 Suetonio,
512 2967 667 3049 aliisque,
683 2966 892 3043 credendum,
905 2966 962 3048 qui
973 2964 1089 3028 decem
1103 2965 1268 3028 mensium

176 3073 378 3151 putaverunt
409 3067 524 3148 fuisso,
557 3073 595 3132 ut
624 3075 703 3133 tunc
723 3068 864 3132 Albanis
895 3073 977 3144 erat,
1000 3063 1086 3128 unde
1108 3067 1173 3128 orti
1195 3064 1267 3128 Ro-

177 3169 277 3234 moui.

465 3315 506 3380 A.
532 3313 652 3380 Gellius
675 3314 749 3380 Lib.
767 3333 831 3382 xv.
854 3338 921 3401 cop.
938 3318 970 3382 4.

222 3449 372 3513 Eundem
401 3451 547 3515 Bessum
583 3453 764 3517 Suetonius
796 3451 1010 3535 Tranquillus
1041 3449 1263 3536 preposit-

177 3570 253 3615 esse
274 3569 295 3615 u
322 3549 369 3613 Μ.
384 3549 533 3616 Antonio
555 3553 739 3635 provinciis
755 3549 993 3630 Orientalibus,
1009 3551 1215 3635 Parthosque
1229 3552 1264 3614 in

178 3651 308 3734 Syriam
330 3653 609 3734 introrumpentes
630 3653 736 3718 tribus
759 3655 802 3716 ab
822 3672 863 3717 co
885 3653 1010 3737 praeiiis
1027 3653 1122 3718 susos
1137 3654 1263 3729 scribit,

178 3771 321 3838 eumque
335 3753 477 3836 primum
491 3753 635 3818 omnium
651 3751 693 3818 de
706 3751 845 3849 Parthis
863 3756 1096 3840 triumphasse,
1111 3760 1144 3820 et
1158 3757 1263 3818 morto

177 3855 268 3922 obitu
282 3856 419 3940 publico
430 3856 544 3920 iuuere
560 3855 729 3939 sepultum
743 3877 831 3922 esse.

456 4037 581 4104 Seruius
602 4039 636 4103 iu
660 4035 810 4126 Eclogom
834 4059 891 4106 111.
913 4040 986 4108 10&

220 4173 321 4238 Dicte
345 4171 466 4238 ‘ulna’
488 4173 543 4238 ἀπὸ
557 4179 610 4238 τῶν
625 4175 745 4256 durus,
764 4175 800 4242 id
820 4185 883 4255 est,
904 4197 926 4242 e
943 4175 1104 4244 brocbiis:
1126 4174 1264 4240 undeet
1403 4259 1405 4265 ι
