3168 4922
306 365 393 432 lton
655 381 762 432 nuru
786 379 988 430 venronou
1014 381 1054 428 ru
1078 379 1081 390 ·

305 529 363 574 eret
373 530 449 572 entee
466 535 551 586 putee,
567 527 595 572 et
614 522 687 585 perri,
704 521 774 572 uude
786 535 836 572 rox
908 517 1403 584 Nllrilpraelereeueeletiiioceetqnod

307 607 405 660 noetre,
426 603 563 647 contrecto
581 597 676 646 eienrie
694 596 782 659 ‹ligitie
799 595 838 646 el'·
876 603 951 644 uocet
972 597 1077 646 Tecitne
1101 597 1236 646 ‘comiter
1259 589 1405 646 intercur?

307 673 379 725 fecte
399 680 439 724 eet
456 673 542 734 nurui,
561 673 650 722 denec.
684 673 783 736 Pugnis
795 673 838 722 etl·
876 669 944 720 Anu.
959 685 978 719 r.

309 751 365 800 ‹iite
375 751 432 799 lure
442 750 475 799 ed
487 749 687 798 munimentum:
700 754 839 811 propterea
908 746 956 796 Sere
973 746 1051 796 cirtulo
1071 747 1201 809 rpecluedi,
1221 762 1250 796 uc
1270 747 1406 812 eueprete]

308 824 376 890 quoti
389 824 450 874 uuui
463 837 542 889 qutun
559 821 675 883 ferirent,
695 835 767 885 eeepe
783 821 840 885 plue
877 819 1026 871 Indulserat
1036 823 1059 871 el
1069 823 1169 872 iudicw
1182 821 1323 884 Auguetuu
1341 819 1406 873 tlurn

310 900 396 950 uerunt
410 900 561 963 eccipercnt
571 913 646 962 quern
656 897 782 947 fecerent.
803 898 840 946 Ee
877 896 1018 945 Maecenati
1030 897 1201 959 obtemperat,
1209 895 1290 946 offuec
1300 898 1325 946 iu
1334 901 1407 948 eruo*

310 975 367 1022 iore
389 973 485 1023 Graeco
507 971 632 1022 rucebulu
657 978 746 1021 ceetue
766 970 841 1026 dicti,
878 983 932 1019 reue
944 970 1171 1035 Bathyllirnuque
1183 971 1237 1034 lpee
1249 972 1408 1024 ebhorrehet

308 1048 396 1098 κεστὸν
407 1049 476 1097 enirn
488 1048 617 1110 cingulum
629 1063 636 1096 r
649 1046 739 1096 brevic
751 1045 839 1097 initio:
878 1045 971 1094 telibue
982 1044 1084 1104 etudiie,
1100 1053 1127 1094 et
1143 1045 1219 1095 civile
1230 1045 1335 1096 rebetnr
1346 1043 1409 1096 roiess

156 1107 163 1124 ³
210 1129 214 1136 '
309 1139 370 1176 rnox
388 1139 421 1175 ue
441 1137 549 1174 excurre
566 1129 724 1172 exuerentur
741 1123 768 1173 lu
785 1123 842 1174 icti·
879 1121 933 1171 ceri
946 1121 1123 1184 ruirrptetibue
1134 1121 1212 1185 ruigl.
1223 1123 1366 1173 Tecitue..

310 1201 367 1265 bue,
387 1208 439 1250 tour
458 1199 556 1261 cubito,
574 1199 842 1260 turnlurrurroeliige·
912 1197 1056 1261 Corollaria]
1088 1197 1248 1246 Vocebuinur
1276 1197 1409 1248 corolleril

313 1275 417 1325 beutnr.
441 1274 579 1324 Poetreuro
590 1271 687 1323 ferrum
699 1273 843 1336 plumbum·
879 1281 919 1322 eet
931 1273 1069 1336 ecorollie,
1080 1272 1148 1337 quod
1160 1285 1209 1328 eer.
1226 1287 1285 1323 crure
1301 1274 1409 1337 plectie-

311 1364 362 1415 que
383 1357 499 1400 uerutum
517 1355 568 1410 eet,
583 1348 723 1397 eurieeirno
742 1354 842 1410 epecte·
879 1359 940 1398 reret
961 1355 1063 1398 ectoree
1084 1348 1113 1398 lte
1132 1361 1219 1407 eoene,
1246 1347 1301 1397 deri
1322 1349 1407 1398 rolittu

312 1426 380 1476 culo.
414 1424 556 1474 cercurum
570 1423 638 1472 enim
654 1437 685 1472 ec
703 1421 842 1486 gutturfe-
878 1423 949 1473 eiute
976 1423 1044 1473 nude
1072 1431 1100 1474 et
1127 1423 1263 1474 coroiierie
1284 1423 1407 1473 dicuutur

312 1500 408 1550 olilime
431 1498 571 1548 elidebent.
616 1496 720 1548 Idcirco
743 1497 842 1547 euriurn
879 1497 942 1562 ipete
962 1512 1072 1548 corouae.
1106 1495 1207 1547 Plinius
1226 1497 1271 1548 lib.
1288 1510 1348 1547 ur.
1368 1499 1407 1547 ric

311 1577 470 1625 munimeute
509 1575 661 1638 iuluebeut,
700 1575 842 1638 luporum.
879 1573 983 1622 ecrilrit:
1001 1571 1151 1622 ‘Peuletinr
1162 1579 1190 1620 et
1199 1572 1289 1622 Runroe
1300 1573 1406 1638 eubrep-

311 1647 542 1700 Differunteuteur
559 1651 631 1700 lncte
647 1657 675 1700 et
694 1649 841 1713 pugiletue:
878 1647 913 1696 eit
932 1647 1082 1711 eppelletlo,
1109 1647 1213 1697 curuliie
1240 1647 1309 1698 iuter
1334 1647 1409 1698 initia

313 1725 382 1790 qrruti
408 1725 479 1774 lucte
502 1727 538 1774 eit
561 1731 644 1774 mutue
667 1725 740 1789 queei
761 1725 843 1774 couti·
880 1729 987 1787 propter
1000 1722 1174 1787 gracilitatem
1186 1719 1331 1784 nouriu'etie,
1347 1737 1409 1774 mox

313 1815 397 1850 noue:
416 1801 596 1850 cohereeceut
614 1799 698 1849 enim:
715 1799 844 1862 pugiietue
880 1803 907 1848 et
922 1797 1072 1860 eorolieriir,
1090 1805 1226 1862 poetqnern
1243 1800 1409 1850 elerulueee·

313 1883 400 1926 autern
423 1875 571 1924 diceretur:
593 1880 654 1924 eunt
678 1875 747 1924 cuitu
775 1875 844 1923 iuter
881 1887 926 1923 ree
947 1874 1019 1924 tenni
1040 1874 1159 1924 ioenrete
1179 1881 1224 1924 eret
1243 1875 1409 1937 iuergentete

314 1951 380 2002 ictue
392 1951 461 2015 iproe
473 1951 616 2000 interveiie.
635 1951 698 1999 Oce.
710 1950 829 2012 Scaliger.
881 1948 1028 1999 debentur.'
1071 1949 1166 1999 Seueue
1189 1958 1230 2000 eet
1255 1951 1408 2016 ‘l'renquilii,¹

345 2027 416 2076 Cer.
427 2031 468 2076 te.
498 2027 620 2076 ielerriruu
630 2041 643 2074 e
653 2023 784 2087 pullulet]
808 2023 844 2074 Ut
881 2024 1025 2086 Aogrrrttnn
1037 2025 1114 2075 elieru
1130 2024 1156 2074 ln
1172 2025 1261 2075 ellenie
1272 2035 1411 2090 epectecn·

313 2101 458 2164 mejestatis
478 2114 530 2149 enae
551 2099 677 2149 retioneur
695 2097 812 2159 heberet,
829 2109 844 2146 e
881 2098 912 2146 lie
931 2097 1033 2148 dedieee
1053 2099 1162 2162 gmndie
1179 2109 1205 2149 et
1221 2101 1315 2151 creire
1326 2103 1411 2152 eurota

314 2176 444 2240 puluiueri
463 2175 604 2238 epecterit,
622 2175 672 2223 Ιιοο
691 2181 741 2231 eet,
761 2188 794 2222 ex
814 2189 845 2223 eo
882 2173 946 2222 lerie
957 2173 1066 2223 eceuieie
1084 2181 1111 2223 et
1128 2175 1304 2238 histrionibus,
1321 2176 1347 2226 id
1359 2185 1408 2231 eet,

314 2252 384 2302 Circi
406 2252 475 2311 ioco,
495 2249 540 2299 nbi
562 2249 701 2298 eimrriecre
723 2247 846 2310 Deorum,
881 2261 913 2298 ee
932 2263 1049 2307 meruere,
1066 2251 1205 2314 queeultre
1217 2251 1330 2313 legitime
1342 2265 1409 2314 pree·

313 2341 406 2392 megue
425 2340 519 2390 porupe
539 2324 628 2374 inferri
645 2329 673 2372 et
684 2323 780 2372 circum
792 2337 845 2371 ure·
881 2323 932 2372 mie
948 2325 998 2374 illie
1010 2324 1078 2373 dono
1088 2325 1144 2372 cleri
1163 2324 1289 2375 eoiebeut.
1307 2325 1341 2374 tle
1352 2326 1410 2390 qui}

315 2399 767 2465 tergentericolitucottocabeotor.
779 2400 845 2450 erre
882 2397 930 2446 hue
950 2398 1043 2448 Cicero
1065 2399 1091 2448 in
1113 2399 1307 2448 Frumentum:
1327 2399 1410 2450 ‘Noli

316 2489 376 2537 perr
388 2475 456 2523 Circi
468 2487 500 2522 ee
511 2473 690 2530 ereet,rniruru
703 2484 753 2521 nou
762 2472 845 2534 expli·
882 2473 927 2521 iroe
938 2473 1071 2535 colligere,
1087 2474 1131 2538 qui
1145 2474 1279 2523 noruurulie
1289 2487 1409 2539 curroge-
1471 2473 1477 2486 “

314 2559 388 2596 ceree
408 2547 516 2610 Dionye.
538 2545 673 2594 Heliceru.
693 2545 719 2594 io
742 2559 773 2594 eo
792 2561 844 2594 rer·
882 2547 916 2596 tie
928 2545 961 2595 de
972 2554 1094 2611 nepotum
1106 2549 1179 2598 buuie
1191 2563 1224 2598 ec
1235 2550 1267 2598 de
1279 2551 1410 2599 reenierrut

313 2637 406 2672 tuone:
424 2621 470 2670 eed
489 2619 593 2670 dubium
607 2634 658 2668 uon
670 2627 719 2681 cet,
734 2621 805 2685 quin,
816 2628 845 2671 ut
882 2623 1024 2672 coroiieriie
1036 2623 1168 2673 decernent
1181 2622 1320 2675 eruerunt.’
1344 2623 1411 2675 nec

314 2699 340 2746 in
361 2699 463 2747 theetro
484 2695 679 2744 iruueetieeinrne
698 2696 770 2745 locee
789 2703 846 2744 eret
882 2705 968 2746 eutem
980 2713 1039 2747 cunr
1051 2699 1128 2761 pretii
1140 2699 1206 2748 ireud
1218 2701 1304 2763 megel
1315 2699 1410 2758 forent,

315 2771 347 2844 φο
361 2771 474 2834 pollione,
491 2771 527 2819 ric
540 2769 565 2816 iu
578 2769 655 2818 Circo
666 2769 698 2818 eri
710 2771 845 2833 Errripuur,
882 2771 977 2822 sectetur
991 2781 1041 2838 eet,
1054 2783 1082 2824 ut
1098 2777 1261 2825 corolleriuur
1274 2790 1360 2839 prore
1372 2775 1410 2825 ie·

315 2847 360 2910 qui
381 2845 492 2895 medinm
510 2843 621 2894 etodium
634 2844 762 2907 cingebet.
795 2843 847 2893 Ao·
881 2848 944 2897 riori
956 2856 992 2904 et,
1010 2857 1038 2898 ut
1053 2849 1090 2899 ite
1101 2849 1198 2909 dicent,
1211 2865 1413 2914 eupcruuutere-

315 2926 407 2983 guetue
424 2921 450 2968 in
463 2934 505 2983 ep.
518 2918 549 2966 etl
565 2919 661 2968 Lirienr
674 2932 752 2982 super
769 2919 845 2970 Cluu·
882 2923 922 2973 rie
934 2924 1088 2987 accipietur.
1105 2924 1217 2976 Buloto

316 2995 370 3056 elio,
392 2995 520 3058 ‘prirueru
548 2992 659 3042 frontone
683 2995 846 3056 epecteculo·
919 3001 1004 3049 Gracc
1014 2999 1150 3062 meruel]
1161 2999 1410 3052 Quodvettnore·

317 3069 386 3119 rnm'
402 3083 460 3119 eum
477 3070 560 3118 lucum
574 3075 659 3117 vocnt·
691 3067 757 3119 Inde
770 3083 844 3131 ψιθ-
884 3073 925 3124 cie
940 3075 1123 3137 celebraretur,
1142 3084 1188 3125 eut
1205 3075 1307 3125 Greecie
1326 3076 1409 3126 lteiiee

315 3146 381 3195 terit
396 3147 404 3174 ‘
418 3142 530 3205 eedeue‚'
550 3143 588 3192 eit
608 3143 765 3192 Srrctouinrr
784 3157 844 3200 nou,
885 3149 998 3209 urbibus,
1007 3157 1035 3198 ut
1048 3149 1169 3213 Neapoli,
1177 3151 1218 3200 rei
1229 3151 1327 3210 Romrc,
1336 3151 1410 3202 (irre-

314 3229 344 3270 ut
360 3221 431 3272 Nero
447 3218 697 3282 poetee,eccobene,
712 3219 845 3270 cechue
884 3237 915 3272 co
936 3237 1006 3274 more
1035 3231 1063 3274 et
1088 3239 1136 3287 per
1157 3225 1265 3276 Grecos
1286 3228 1411 3277 eceuicoe.

314 3295 405 3358 eiiqrrie
425 3294 497 3343 riuue
512 3293 649 3342 eirnuiecre
668 3297 776 3342 nrortue.
810 3295 845 3345 Et
884 3297 952 3348 Utro
962 3300 1038 3348 morio
1055 3299 1166 3362 recipiet
1183 3301 1286 3365 eliqnle,
1303 3315 1354 3351 nou
1373 3303 1410 3352 iu·

316 3373 394 3420 ‘curu
417 3383 498 3418 uxore
520 3375 547 3418 et
568 3367 677 3428 liberie,'
705 3381 756 3418 nou
778 3368 846 3420 lutre
883 3379 963 3421 tereet
981 3374 1037 3436 pili.
1055 3375 1157 3425 carel.
1190 3375 1283 3425 Pollux
1303 3377 1411 3427 etirlete·

316 3442 442 3505 inrepiuee
470 3443 539 3504 iprae
567 3441 683 3490 deorum.
726 3441 768 3492 An
795 3444 846 3494 lete
884 3461 939 3496 rum
951 3449 1053 3498 nomine
1064 3449 1291 3512 gymnicoeornnee
1302 3452 1412 3516 intelligi

316 3517 458 3576 coenecule,
483 3515 516 3564 de
538 3515 631 3579 quibu·
652 3517 734 3567 eentit
754 3519 845 3570 Sueto·
885 3523 971 3571 voluit.
1016 3523 1052 3573 ΗΙ
1072 3531 1160 3575 eutem
1188 3533 1248 3576 erent
1271 3527 1412 3590 maurel,

315 3592 384 3652 uine,
402 3592 426 3640 iu
445 3591 501 3653 ipeo
517 3591 594 3641 Circo
608 3595 703 3643 eruut?
719 3595 845 3659 eiqeidcnr
883 3598 982 3660 δρομεῖς,
994 3597 1091 3661 πύκται,
1106 3601 1252 3663 maleo«,
1263 3609 1290 3653 et
1308 3601 1412 3655 lnrrxol.

316 3681 395 3730 eoper
409 3666 453 3714 ille
472 3666 583 3730 porticu,
601 3681 658 3730 qrree
670 3667 703 3716 eb
715 3670 846 3721 exteriore
883 3672 950 3722 Vide
962 3673 1083 3724 Pleutunr
1095 3675 1217 3724 Becciiri.
1236 3675 1297 3727 Act.
1308 3691 1354 3728 rrt.
1367 3679 1410 3727 Sc.

317 3741 387 3792 Circi
395 3741 504 3791 Romeui
516 3749 590 3803 perte
600 3741 778 3796 edetrrrcteilli
787 3744 847 3808 fnit,
883 3749 909 3795 l.
925 3748 959 3796 de
979 3749 1085 3812 entique
1104 3764 1240 3814 puerorum
1259 3752 1410 3803 (irrecomm

316 3823 345 3865 et
354 3813 464 3865 efficium
476 3823 505 3864 et
518 3817 650 3866 coeueeule
667 3827 757 3869 erent:
776 3835 846 3884 qure,
884 3821 1045 3872 institutione
1057 3826 1213 3886 loquentem.
1232 3825 1348 3877 Bellene.
1376 3828 1412 3876 Α·

317 3899 346 3942 ut
358 3891 478 3952 erbitror,
493 3902 561 3939 cere.
578 3891 647 3939 eolitt
664 3891 750 3942 locere
761 3909 846 3945 coeue·
883 3895 1012 3946 rirtotelee
1024 3897 1049 3946 ln
1068 3899 1150 3960 primu
1167 3901 1362 3952 Rietoricorunr
1374 3902 1411 3952 ite

317 3966 442 4016 euletieur
451 3963 622 4014 incientibuer
634 3966 750 4028 equitur
758 3976 847 4029 poetee
884 3969 1007 4033 diepouit.
1039 3971 1105 4024 Quae
1116 3975 1232 4036 corporie
1245 3975 1325 4025 virtue
1337 3977 1411 4026 ettri-

318 4041 435 4105 inquilini
455 4047 483 4091 et
505 4039 549 4105 qui
572 4039 626 4088 eiue
647 4039 743 4091 iuribue
765 4052 846 4094 eruut.
884 4044 997 4096 boteeet
1014 4049 1206 4111 certeminibue,
1223 4058 1325 4100 conetet
1340 4065 1412 4116 reeg-

320 4117 423 4166 cml.
883 4120 1010 4182 uitutiine,
1037 4122 1139 4179 robore,
1167 4125 1309 4175 celeritete.
1357 4127 1411 4178 ‘Qui

350 4191 455 4255 Aderat]
473 4193 536 4258 Leg.
547 4189 638 4243 otuu.
655 4191 738 4245 idern.
878 4197 981 4258 jectere
994 4205 1068 4248 certo
1088 4199 1165 4250 utodo
1179 4213 1266 4264 crore,
1283 4212 1410 4267 porroque
