3180 4910
309 409 394 476 1476
585 477 588 484 ,
638 426 768 486 Ιιιοιι
795 425 994 476 ιιιιιοιιιιιι
1022 428 1059 474 ru

311 569 394 633 mdis,
405 567 527 622 liberatio
543 569 576 620 sb
590 577 677 620 erens.
711 569 838 620 Vsmnta·
888 570 1086 632 'Abegissspusl
1100 567 1227 618 disortium
1244 566 1332 632 dubit]
1350 568 1418 620 Etsi

307 661 368 696 suen
380 661 395 696 e
405 644 590 708 gladiatoribus
602 644 751 700 conditione
761 645 839 702 servi.
877 647 986 710 qtsodaus
1007 655 1124 708 tempore
1142 645 1224 713 libera
1240 644 1352 694 disertis
1368 643 1416 694 fn·

306 723 334 772 lsi
346 721 435 771 donati
457 720 530 784 rude,
546 735 596 774 uon
612 721 838 771 libertatemscci·
877 722 956 777 erint.
968 732 1054 770 tanuen
1072 719 1179 782 Dionys.
1192 719 1281 770 Hailc.
1292 720 1357 770 libro
1374 734 1414 770 ss.

309 796 428 860 piabant,
446 795 492 846 sed
505 795 666 846 vocationem
677 796 840 847 dumtsxnta
879 807 998 855 testatur,
1019 814 1075 848 eam
1098 799 1245 848 libertatem
1270 798 1366 860 primis»
1378 806 1415 848 et

308 886 403 936 pugna.
439 873 551 924 nouisse
564 872 698 936 deinceps,
710 886 791 936 prosa
801 873 839 922 la·
876 874 989 936 ¹antiquis
1004 875 1079 937 lleip.
1091 873 1124 922 R.
1137 874 1359 936 tensporlbus'nou
1370 873 1415 922 lu-

307 947 381 997 nistis
393 947 607 1006 eraut,doctorss
616 956 745 1010 tyronum,
757 955 784 997 at
794 947 839 1001 ba·
877 949 937 1010 iser,
957 963 988 999 sc
1006 956 1145 1012 propterea
1162 948 1299 1004 disortium
1318 949 1414 999 Romoe

308 1021 427 1084 tncbsn't,
437 1036 488 1072 uon
501 1022 661 1086 pugnabant.
680 1023 756 1074 [ders.
877 1037 924 1086 pes
934 1038 1014 1072 annos
1032 1036 1100 1074 nu.
1114 1024 1210 1074 nullum
1222 1022 1319 1082 fuisses
1337 1023 1410 1088 qood

339 1098 537 1163 normann]
553 1098 724 1152 ‘Auctorstl'
735 1111 839 1162 quoque
877 1099 977 1152 Gellius
997 1099 1134 1158 confirmet
1154 1099 1198 1150 lib.
1217 1113 1255 1150 tv.
1273 1115 1331 1163 esp.
1342 1107 1367 1150 5.
1379 1105 1412 1149 et

307 1173 430 1224 dicuntur
442 1173 537 1224 militas
549 1179 577 1222 ιι
588 1174 789 1224 ‘exauctoratis'
801 1173 838 1224 illi
876 1173 978 1223 Plinius
990 1174 1057 1223 libro
1076 1187 1126 1223 vu.
1142 1189 1201 1238 cap.
1217 1181 1242 1225 9.
1255 1183 1282 1226 et
1293 1175 1409 1228 Tertull-

305 1257 468 1308 sscranrento
480 1248 578 1299 milities
594 1257 622 1300 et
634 1247 839 1312 stipendioobli·
875 1247 900 1297 in
914 1247 1052 1311 Apologet.
1069 1249 1227 1298 fluitemus.

307 1326 378 1389 gatis
390 1326 549 1390 bltanuam
561 1324 701 1394 teredlruti
714 1330 742 1374 et
754 1337 839 1380 secra·
908 1323 975 1374 Adeo
997 1325 1113 1374 costulis
1133 1330 1156 1374 sl
1173 1325 1315 1376 tumentibus
1334 1326 1410 1376 ocslis

306 1409 398 1452 manto
421 1401 509 1451 soluti.
528 1401 589 1464 quin
612 1406 641 1450 ct
660 1406 838 1450 auctoramen-
873 1405 1010 1463 prosecutus
1020 1401 1068 1464 ιιι]
1076 1401 1212 1464 Expressit
1225 1401 1340 1464 pluribus
1349 1417 1408 1450 ser-

305 1483 362 1538 tum
385 1477 410 1524 in
428 1476 527 1529 artibus
543 1475 749 1534 mercenariisst
764 1473 838 1538 opiti-
877 1476 926 1533 bis,
948 1476 1017 1540 quod
1039 1491 1089 1526 tsno
1108 1477 1260 1528 Graecorum
1279 1477 1408 1528 ditissima

306 1551 355 1600 ciis
366 1549 491 1614 obligatio
503 1548 623 1615 quaedssn
631 1557 672 1600 est
683 1549 838 1612 interposita
875 1551 972 1616 lingua,
982 1553 1114 1618 κυιιιδιᾷν·
1131 1553 1200 1618 quod
1212 1551 1245 1601 de
1256 1567 1288 1604 eo
1304 1552 1404 1616 dicunt,

255 1673 261 1683 ,
306 1623 428 1676 mercede
447 1630 600 1675 contrecta:
620 1622 688 1673 unde
705 1623 802 1672 'l'nllius
819 1638 838 1674 ι.
875 1628 918 1677 cui
929 1642 944 1677 e
955 1636 1079 1680 contento
1090 1629 1185 1678 intuitu
1198 1628 1334 1678 scismata
1343 1642 1405 1678 ocu·

307 1697 385 1750 Offic·
404 1699 604 1763 ‘Mercesipsa
622 1701 648 1748 in
672 1699 838 1750 mercenariis
874 1703 893 1766 li
905 1711 1015 1756 tument.
1032 1705 1201 1756 Theocritus:
1213 1702 1404 1768 siddr'lposs:

306 1782 530 1828 auctoramentum
540 1780 582 1825 est
591 1773 742 1826 servitutis!
758 1773 839 1826 Arnst
874 1779 941 1838 Δηιὰ
963 1779 1137 1832 minutiones
1156 1781 1243 1832 troicis
1257 1782 1404 1843 ungendos·

305 1854 355 1903 boo
368 1852 521 1903 vocabulum
535 1852 701 1902 Paterculss.
720 1851 822 1903 Tursub.
873 1874 906 1906 n.
932 1856 1031 1906 Caussa
1041 1857 1404 1923 mexirhuiustuntorisest,

340 1928 468 1982 centenum
478 1928 590 1992 mulus]
608 1927 639 1977 ld
652 1935 702 1988 est,
714 1926 753 1977 bis
767 1927 837 1978 mille
874 1931 1012 1995 spirituum
1024 1934 1168 1996 optinorum
1176 1933 1298 1982 collectio
1308 1940 1335 1982 et
1342 1946 1405 1984 oon·

306 2005 741 2068 elquingentotuutcoronaturum.
874 2006 972 2056 lentio:
992 2021 1050 2070 quse
1065 2008 1177 2056 nascitus
1189 2022 1220 2056 ex
1239 2005 1348 2056 allectus
1361 2023 1404 2058 ue-

339 2081 442 2143 Ncptssu
455 2081 637 2132 Caeciiiidlliei
650 2082 736 2145 scidiis
747 2082 835 2132 Romu·
873 2080 1012 2132 bemontis.
1042 2083 1144 2132 curel.
1177 2082 1329 2133 ‘contentis
1344 2096 1407 2131 ocu·

304 2153 344 2220 ssi]
363 2157 434 2207 Nata
444 2164 486 2207 ost
496 2158 586 2209 Attico
598 2159 684 2222 neptis
694 2173 727 2208 ex
740 2158 836 2222 Agrip·
873 2157 917 2207 lis’
934 2158 1009 2215 dixit,
1020 2165 1049 2209 ut
1060 2160 1200 2209 ‘contento
1217 2158 1330 2223 poplite’
1349 2157 1404 2208 llo·

304 2245 349 2298 pa,
370 2231 413 2282 cul
433 2233 561 2296 virginem
583 2233 663 2284 liliam
685 2234 836 2286 collocsrst.
873 2241 921 2283 ιιι.
934 2233 951 2283 l.
964 2246 994 2282 ιι.
1004 2233 1060 2284 Sat.
1074 2238 1098 2284 7.
1110 2235 1289 2286 et‘contenta
1298 2233 1404 2284 cervice

304 2305 384 2358 Hanc
395 2308 494 2371 Cossus,
508 2309 549 2358 vis
564 2311 719 2367 anniculsnr,
731 2311 836 2361 'liberio
873 2308 971 2360 feram'
984 2312 1080 2362 Auson.
1100 2311 1150 2374 lip.
1166 2324 1195 2360 x.
1205 2311 1243 2360 sic
1255 2313 1323 2360 anim
1335 2324 1404 2360 surs-

304 2381 413 2434 Clnudio
424 2385 523 2438 Neroni
533 2385 648 2438 Drusilla
659 2393 729 2443 osto,
740 2385 836 2450 priuig·
874 2387 972 2436 toribus
982 2385 1089 2447 accidit,
1099 2386 1211 2448 quaudo,
1227 2393 1259 2434 ut
1267 2386 1305 2434 sit
1316 2383 1405 2448 Virgi-

304 2470 338 2507 ιιι
350 2471 408 2519 suo,
423 2459 571 2522 despondit.
606 2461 672 2509 Qua
688 2463 835 2522 conjunctio
872 2461 938 2511 llus:
958 2463 1063 2512 ‘oeulos
1075 2459 1101 2508 in
1114 2458 1404 2523 sirgino·fignut.'⁴'l'nr·

303 2533 521 2582 uecessitudinem
541 2546 631 2582 corum
647 2533 744 2594 sanxit,
760 2531 835 2584 fami·
872 2537 935 2582 rest.

303 2606 443 2659 liaritatetu
478 2606 593 2659 reddidit
622 2607 834 2674 frequentiorem.
906 2609 1403 2676 Pedibustotoitissrcproegsediesaliu·

304 2681 410 2732 Comei.
424 2683 522 2748 Nepos.
872 2697 934 2734 mnus
951 2701 1023 2749 usgue
1039 2688 1158 2750 perne-sit]
1176 2689 1240 2738 Cum
1260 2691 1330 2752 gessi
1350 2689 1405 2739 lra-

338 2759 432 2809 dcciiii
452 2761 543 2825 Attici]
571 2760 630 2812 Quo
653 2761 754 2812 nomine
775 2770 835 2825 post
873 2768 939 2809 trem
951 2764 1405 2825 etpericulosaraletudineinilar·

303 2837 425 2886 avunculi
446 2831 629 2887 ¹testamcutum
653 2844 759 2890 vocatus
776 2837 836 2903 fnit,
872 2837 956 2886 mania
977 2835 1106 2888 fluctuare
1126 2840 1403 2908 cognovisset,'Alpes

302 2909 350 2961 set
361 2911 498 2974 Pomponii
513 2921 597 2962 tamen
609 2913 694 2964 notior
706 2920 754 2972 est·
778 2915 834 2964 No·
872 2911 1042 2978 Rhenumque
1053 2920 1240 2978 transgressus,
1250 2914 1331 2966 dlesc
1341 2929 1404 2968 noe·

303 2985 410 3036 tsndnm
419 2999 490 3048 seso,
498 2987 566 3054 quod
576 2987 746 3051 Agrippinam
759 2996 835 3040 vocat
872 2992 899 3036 ts
920 2994 1019 3038 mutato
1044 2988 1154 3040 subinde
1176 2995 1253 3054 equo,
1281 2989 1402 3042 ducentis

301 3057 408 3112 Sunion.
431 3077 507 3126 qsrstn
523 3063 608 3113 Tacit.
627 3064 786 3127 Vipsanium,
804 3072 834 3116 nt
871 3063 982 3113 millibus
1004 3078 1135 3129 passuum,
1154 3080 1202 3129 par
1219 3066 1295 3116 modo
1314 3067 1403 3120 desic-

302 3135 550 3203 esdempstrlsnon
563 3140 833 3196 nomsntsntum,sed
871 3143 925 3188 tem
946 3138 1091 3190 barbariam
1119 3142 1210 3192 evasit.
1244 3143 1346 3198 Drusus
1367 3157 1400 3194 eo

302 3217 330 3262 ct
341 3227 483 3276 cognomen
495 3214 592 3265 tulerit.
624 3213 689 3264 Post
700 3215 832 3266 'liberium
871 3211 936 3275 ipso.
956 3227 1006 3278 quo
1024 3214 1077 3264 sits
1094 3223 1122 3266 st
1138 3230 1205 3268 mors
1223 3217 1401 3282 distinguitur,

238 3311 241 3320 ·
301 3285 393 3338 Asinio
416 3288 502 3352 Gallo,
524 3289 604 3340 Asinii
626 3289 749 3339 Pollionis
769 3287 833 3354 lilio,
871 3297 1011 3352 momento,
1034 3292 1149 3354 legiones
1171 3306 1229 3342 cum
1257 3293 1400 3359 insignibus

301 3363 398 3426 nupsit.
441 3364 508 3415 Vide
519 3365 640 3416 Tacitum
652 3363 696 3414 lib.
709 3377 727 3414 s.
739 3363 832 3417 Annal.
869 3365 923 3415 sois
938 3365 1014 3416 fratri
1030 3367 1132 3418 obviam
1153 3369 1296 3432 procedere
1310 3369 1401 3433 jussit,

304 3438 413 3488 Torreat.
870 3449 897 3492 et
917 3450 946 3491 ot
970 3443 1109 3508 imperator
1128 3444 1284 3495 salutaretur
1303 3457 1401 3509 praca-

332 3513 372 3561 Ad
383 3522 514 3575 quemsuut
524 3517 644 3566 Ciceronis
653 3517 768 3582 epistola]
780 3519 832 3570 No·
870 3519 916 3582 pit.
935 3519 1021 3569 Valet.
1034 3520 1108 3570 Mart.

300 3600 359 3636 meu
371 3585 454 3638 Attici
473 3592 568 3652 perire,
585 3593 717 3642 Ciceronis
733 3596 830 3657 episto·
901 3594 970 3645 Cur.
981 3599 1005 3646 8.
1023 3595 1398 3660 Ciuiliumofficiorsussrsds'ssen-

300 3661 332 3710 lar
352 3676 404 3712 nou
421 3663 516 3714 sinunt.
549 3666 620 3716 Nilut
638 3668 676 3718 illi
692 3670 831 3734 profuisset
868 3670 912 3734 tis]
930 3672 995 3720 Cum
1008 3672 1060 3721 sint
1077 3673 1187 3736 plurima
1198 3687 1343 3724 caussarum
1354 3687 1400 3736 ge·

301 3755 380 3804 gener
389 3739 518 3805 Agrippa,
529 3747 558 3792 el
567 3741 684 3794 Tiberius
695 3761 831 3810 progener,
869 3758 940 3802 uera,
963 3761 1021 3809 quse
1043 3747 1218 3811 eloquentiam
1238 3747 1399 3810 desiderent,

300 3823 329 3866 et
354 3817 457 3868 Drusus
478 3817 567 3866 Cesar
592 3831 737 3882 pronepos:
761 3822 830 3870 inter
868 3821 991 3884 multique
1002 3822 1028 3870 in
1040 3831 1130 3872 unstrs
1141 3822 1209 3887 ch.
1219 3823 1397 3876 adolescentes

300 3899 353 3942 tam
377 3907 468 3956 magus
491 3893 594 3942 neurius
619 3900 759 3952 taceretur,
780 3896 830 3946 nisi
868 3897 974 3959 stapurl
985 3897 1214 3962 judices,etapud
1227 3900 1397 3950 Sanstnusdi·

301 3966 392 4018 Cicero
405 3967 475 4017 illuus
487 3968 665 4032 applicuisset.
682 3969 789 4020 Seneca.
867 3970 943 4020 cendi
957 3971 1058 4020 laudern
1080 3974 1193 4023 assecuti
1209 3974 1269 4030 sint.
1287 3975 1397 4026 maxima

322 4043 384 4092 -Sub
391 4045 470 4108 priore
478 4043 575 4108 mariis]
594 4043 725 4109 Angustus
733 4047 828 4099 lulium
865 4046 1002 4096 admiratio
1014 4055 1056 4096 est
1067 4047 1091 4097 in
1099 4047 1206 4112 judiciis
1216 4067 1223 4100 s
1234 4063 1342 4114 qnorum
1355 4065 1398 4101 rs·

298 4116 495 4183 liliampsinsnns
504 4119 758 4184 Marcello‚deinde,
770 4123 828 4172 ntis
867 4121 904 4170 tio
919 4121 1014 4186 duplex
1031 4130 1089 4172 ost:
1110 4136 1165 4172 nsm
1184 4131 1212 4174 et
1228 4126 1396 4176 accusatione

299 4192 374 4258 obiit,
388 4195 479 4246 Marco
498 4195 625 4261 Agrippa
640 4197 732 4262 nuptui
746 4197 828 4248 dedit.
866 4202 893 4244 ct
914 4195 1063 4246 defensioue
1083 4206 1200 4250 constat:
1218 4215 1326 4264 quarum
1342 4204 1395 4252 stsi

300 4267 412 4319 Berssld.
866 4273 1017 4324 laudabilior
1030 4280 1070 4326 est
1080 4273 1207 4340 defensio,
1220 4283 1306 4330 tsnsen
1314 4275 1394 4330 etism
