3166 4904
642 331 882 384 FRAGMENTA.

532 603 657 668 Semius
669 605 712 668 od
727 624 778 670 ru.
796 604 911 694 Georg.
923 609 996 675 127.

260 750 410 834 Corycos
431 754 516 818 euim
542 755 660 820 civitas
684 763 736 821 est
756 757 899 836 Cilicius,
924 760 957 824 iu
983 779 1050 842 qua
1071 769 1196 827 autrum
1220 764 1301 830 illud

216 851 380 916 famosum
395 873 492 936 pecue
508 856 552 919 ab
568 858 721 922 omuibus
737 860 948 924 celebratum.
992 859 1037 923 Et
1056 881 1113 946 per
1126 864 1303 928 transitum

215 955 318 1034 tangit
331 954 499 1018 historiam
519 965 731 1023 memoratam
747 978 769 1023 a
783 960 950 1026 Suetonio.
994 961 1176 1046 Pompeius
1201 965 1299 1041 enim,

215 1052 315 1116 victis
329 1054 446 1136 piratis
470 1055 644 1137 Cilicibus,
666 1060 788 1142 partim
808 1061 941 1139 ibidem,
956 1063 1075 1144 partim
1101 1063 1135 1126 in
1156 1065 1299 1140 Graccis.

215 1154 336 1234 partim
349 1155 382 1218 in
394 1155 560 1233 Calabria,
575 1177 670 1242 agros
684 1160 829 1228 donavit.

541 1353 627 1416 idem
641 1354 673 1417 in
688 1371 736 1417 vr.
755 1353 877 1418 AEueid.
892 1357 965 1421 799.

255 1484 354 1563 Quod
371 1492 482 1550 autem
500 1488 590 1564 dicit,
605 1508 718 1553 verum
733 1498 798 1555 est.
843 1491 931 1554 Nam
946 1497 979 1554 et
997 1489 1175 1554 Suetonius
1189 1490 1238 1554 ait
1260 1492 1295 1554 in

212 1587 281 1650 rita
296 1585 466 1664 (iusseris,²
481 1608 641 1671 responsa
661 1610 736 1654 esse
758 1591 837 1656 data
851 1610 910 1673 per
936 1597 1039 1656 totum
1065 1592 1188 1668 orbem,
1204 1595 1297 1657 nasci

210 1687 369 1753 invictum
382 1687 626 1772 Imperatorem.

521 1883 608 1948 Idem
622 1886 653 1947 in
666 1885 790 1950 AErteid.
807 1887 972 1952 xli.185.¹

251 2014 364 2080 Homo
380 2017 530 2081 ‘rebellis
541 2016 550 2042 ’
561 2017 701 2083 dicitur:
723 2038 776 2082 res
790 2020 866 2102 ipsa
881 2019 1064 2096 ‘rebellio,'
1078 2037 1145 2084 uon
1165 1979 1293 2083 '‘rebel-

209 2117 288 2180 latio
301 2116 321 2181 :’
342 2119 393 2182 sic
408 2117 597 2183 Suetonius.
644 2115 717 2182 Vid.
734 2117 837 2204 Calig.
851 2141 917 2203 cop.
926 2121 980 2183 51.

421 2307 561 2374 isidorus
577 2307 745 2398 Originum
759 2310 832 2376 Lib.
849 2325 935 2374 vm.
961 2331 1028 2394 cup.
1044 2311 1077 2375 7.

249 2442 366 2509 Poiitae
382 2445 470 2510 unde
486 2446 553 2510 sint
568 2445 658 2524 dicti,
670 2446 719 2510 sic
732 2447 779 2510 uit
794 2445 1028 2529 Tranquillus:
1051 2443 1136 2508 Cum
1150 2444 1290 2528 primum

206 2544 353 2610 hominos
381 2552 483 2611 exuta
513 2545 639 2612 scritate
663 2547 823 2611 rationem
847 2547 926 2610 vitoe
951 2545 1073 2609 babere
1097 2545 1290 2628 coepissent,

204 2665 307 2729 seque
329 2667 368 2712 ac
382 2648 476 2711 Deos
498 2667 578 2712 suos
597 2665 710 2723 nosse,
726 2645 861 2730 cultum·
870 2645 1035 2710 modicum
1050 2664 1090 2708 oc
1105 2664 1291 2712 sermonem,

203 2748 423 2812 necessarium
448 2749 625 2814 commenti
647 2747 723 2824 sibi,
749 2746 922 2827 utriusque
946 2744 1221 2826 magnificentiam
1245 2746 1289 2810 ad

202 2847 392 2930 religionem
421 2848 570 2912 Deorum
610 2863 741 2910 suorum
773 2845 1059 2928 excogitaverunt.
1118 2845 1223 2929 igitur
1251 2852 1288 2911 ut

203 2948 330 3032 templa
349 2949 417 3014 illis
440 2949 596 3014 domibus
616 2944 817 3030 pulchriora,
837 2951 872 3007 et
894 2944 1072 3009 simulacra
1096 2945 1288 3028 corporibus

202 3049 366 3134 ampliora
379 3051 557 3127 iaciebant,
572 3050 620 3114 ite
634 3048 772 3131 eloquio
788 3045 886 3131 quasi
911 3047 1104 3127 augustiore
1126 3046 1286 3110 honoren-

203 3149 265 3213 dos
280 3157 485 3235 putaverunt,
501 3151 683 3234 laudesque
707 3167 821 3214 eorum
836 3154 869 3212 et
884 3146 995 3212 verbis
1009 3147 1239 3212 illustrioribus
1253 3157 1287 3213 ot

197 3249 448 3334 jucundioribus
469 3254 610 3319 numeris
629 3251 825 3316 extulerunt.
878 3249 927 3312 Id·
942 3267 1046 3331 genus
1077 3249 1157 3331 quia
1181 3249 1286 3314 forma

202 3352 343 3434 quadam
363 3352 513 3433 efficitur,
529 3375 605 3438 quae
619 3350 728 3429 ποιότης
750 3352 880 3430 dicitur,
894 3349 1019 3432 poiima
1030 3351 1207 3416 vocitatum
1225 3355 1285 3428 est,

201 3451 337 3536 ejusque
353 3453 506 3520 fictores³
522 3455 645 3538 poiitoe.

496 3645 658 3712 Diomedes
673 3645 745 3712 Lib.
762 3664 786 3710 1.
805 3667 884 3730 pag.
897 3645 973 3710 362.

241 3780 441 3847 ‘inchoavi'
464 3784 507 3848 ab
522 3782 652 3848 iucboo.
696 3781 754 3846 Sic
774 3778 948 3845 dicendum
965 3782 1061 3862 putot
1074 3774 1187 3840 Julius
1206 3773 1282 3838 Mo-

197 3879 325 3961 destus,
338 3885 420 3966 quia
431 3886 475 3950 sit
488 3885 711 3968 compositum
724 3903 745 3950 a
756 3883 850 3958 cbuo,
865 3880 962 3944 initio
977 3897 1093 3942 rerum.
1137 3873 1186 3939 At
1198 3875 1281 3940 Ver-

228 4079 243 4124 2
261 4073 302 4126 ΑΙ.
316 4077 444 4128 Commu.
759 4073 1045 4128 Raboniblaurinomen
1055 4067 1280 4134 proferebantu-

227 4151 317 4201 e‘ln
339 4153 500 4220 perantiquis
528 4153 637 4220 rebedio,
659 4168 716 4220 quae
757 4141 1097 4218 glduqresortmrpo'e'toel
1116 4143 1246 4196 Carrub..
