3196 4890
568 406 600 453 c.
623 403 800 456 eunrourr
825 407 1024 459 creemur.
1265 391 1350 461 1481

263 567 277 580 ·«
291 545 349 595 idn
368 545 483 608 promissis
499 545 570 597 aliter
593 549 715 612 temptem
735 550 784 614 ert-J
820 550 998 614 conscriptas?
1014 550 1100 614 Sigon.

257 621 392 673 Quomodo
403 623 478 672 aliter
489 622 525 679 ld,
536 631 613 687 atque
628 624 730 674 dixerut
740 625 782 673 'l'i-
854 625 1005 689 citatumque
1015 641 1057 690 pro
1071 624 1186 675 tribunali
1200 641 1253 676 osce
1263 639 1352 690 preco·

255 695 351 755 berios,
369 698 539 748 intellexere?
565 701 727 764 conjecturas
746 701 785 750 loe
820 699 868 763 ais]
884 700 978 751 Cicero
995 701 1038 750 lib.
1050 714 1102 750 err.
1120 701 1146 750 in
1157 701 1232 752 Verr.
1248 703 1350 754 ‘Quem

256 773 313 820 crim
321 769 386 822 facit
395 773 485 823 Codex
492 773 674 838 Salmasienus,
684 778 727 839 qui
736 789 782 839 pro
821 776 852 841 is,
864 777 903 826 uti
914 777 1071 827 Panormum
1085 775 1164 840 venit,
1180 777 1211 826 ad
1224 792 1252 828 ee
1265 779 1351 828 soceri

243 846 578 905 ,riederees'cellrealriben
594 850 783 901 eilureseoelle.
820 860 848 902 et
866 851 899 900 de
919 851 1041 901 tribunali
1061 852 1137 902 citari
1151 852 1247 916 jussit?
1271 855 1352 906 Quiu-

255 921 368 974 Fortem
390 919 429 972 in'
444 924 609 987 disponendis
635 926 687 976 diei
712 929 782 977 curis
820 927 909 988 etiem,
920 933 950 976 ut
962 927 1119 978 Plutarchus
1129 928 1288 979 loGraeclris
1300 937 1351 979 tra·

255 999 533 1062 predixeranomnem
542 1017 669 1066 aegrorum
678 1011 783 1053 contae-¹
819 1001 867 1058 dit.
879 1001 904 1050 in
915 1015 985 1050 more
998 1003 1110 1064 positam
1121 1011 1187 1062 erat,
1204 1006 1277 1068 litere,
1289 1003 1352 1066 ἔχων

255 1081 400 1138 tumorque
414 1077 594 1126 commercium
615 1091 673 1128 sese
686 1079 783 1130 vitatu·
819 1077 886 1136 diros
903 1080 1038 1140 θινιιτιιὴν,
1064 1079 1099 1138 μὴ
1125 1080 1243 1138 demades,
1265 1081 1353 1132 τούτου

255 1149 330 1197 rome
347 1149 373 1198 id
385 1150 423 1199 illi
435 1152 555 1214 proximi,
570 1151 698 1203 affinitate
711 1155 781 1203 rocla
819 1151 876 1216 epis
886 1153 930 1202 eds
944 1151 1013 1216 tipus
1031 1151 1101 1204 toto
1118 1153 1217 1205 tieem
1232 1165 1353 1220 colleme-

254 1221 366 1286 inducti,
385 1226 422 1274 sle
440 1235 608 1291 aeceperunt,
628 1243 659 1278 ac
678 1230 700 1279 si
723 1229 783 1279 risl-
819 1229 864 1288 τὴν
882 1229 1049 1280 ἀναπλεῖσθαι
1066 1231 1098 1296 epi
1115 1230 1242 1295 σάλπιγγι,
1257 1234 1297 1283 eal
1318 1235 1352 1294 leil

255 1307 311 1350 tare
323 1300 436 1365 singulos
447 1302 534 1366 vellet,
548 1304 675 1354 civilitate
685 1304 783 1355 Tiberii
796 1333 797 1336 =
818 1304 933 1369 spiripor
950 1305 1076 1370 ἐπιφέρειν
1083 1309 1163 1371 ψῆφον
1176 1309 1241 1372 aino?
1251 1309 1307 1360 robe
1317 1313 1351 1359 δι·

255 1375 397 1425 tali‘sensui
410 1375 487 1428 fidem
498 1376 619 1429 iaciente.
820 1379 920 1433 euertis-
951 1383 1082 1440 Martialis
1092 1385 1137 1435 lib.
1147 1399 1166 1436 ι.
1178 1387 1267 1450 Epigr.
1282 1387 1352 1439 ‘Qui

260 1451 339 1501 ·Per
368 1454 538 1504 eudemum·
562 1458 663 1522 genna]
701 1458 783 1508 Verbi
820 1473 870 1510 uec
881 1461 939 1510 leno
953 1467 1028 1524 potes
1038 1475 1090 1511 nee
1103 1471 1262 1513 comessator
1273 1464 1352 1514 babes

254 1541 356 1589 caussa,
368 1529 500 1593 podagrici
513 1546 564 1582 noo
575 1533 717 1584 locosirnul
729 1537 782 1585 col·
821 1536 852 1600 ri,
876 1537 933 1587 Nec
960 1536 1066 1601 pavidos
1088 1539 1158 1588 tristi
1180 1553 1243 1589 soce
1269 1539 1351 1590 citare

254 1605 419 1670 locabantur,
448 1606 629 1662 febricitantes
665 1613 691 1661 in
724 1613 783 1669 alio,
822 1611 898 1662 reos!
930 1613 982 1662 Sed
1000 1621 1028 1664 et
1046 1620 1182 1664 aecusator
1200 1614 1350 1666 citabitur:

255 1681 375 1744 pblblaiei
383 1683 409 1732 iu
422 1682 481 1733 ello.
493 1685 610 1736 Moriuit
621 1687 784 1752 epaeneto:
821 1689 865 1752 qrri
877 1688 899 1737 si
911 1688 942 1736 ad
958 1688 1027 1738 diem
1039 1703 1091 1738 non
1102 1688 1236 1754 adfuisset,
1247 1703 1280 1739 ex
1299 1691 1352 1740 reis

254 1756 347 1815 lonlos,
355 1765 384 1807 ut
392 1760 545 1822 languentes
557 1761 583 1810 in
596 1760 678 1812 iorum
688 1764 783 1828 depor·
821 1764 984 1814 eximebatur
994 1764 1026 1828 is,
1044 1767 1117 1830 cujus
1128 1779 1221 1814 nomen
1237 1766 1351 1815 delatum

255 1837 386 1883 tarenture
404 1835 448 1899 qul
463 1848 507 1885 eos
520 1836 643 1901 adibant,
655 1838 676 1887 si
689 1840 746 1904 quis
756 1845 784 1888 et
821 1848 886 1890 erat.
920 1841 978 1890 Hoc
1001 1841 1121 1906 emplius,
1149 1843 1250 1904 patroni
1274 1849 1353 1908 atque

254 1909 311 1974 ipse
327 1911 440 1962 eundem
456 1926 547 1976 passus
567 1920 636 1964 esset
656 1916 783 1980 morbum,
821 1924 938 1966 oratores
960 1917 1080 1981 pretoria
1107 1931 1171 1968 voce
1196 1917 1353 1970 citabantur.

254 1986 434 2045 consulebant,
458 1987 677 2054 bortebentnrque
697 1991 729 2040 sd
752 2005 784 2042 ea
821 1991 1030 2043 deterreamur.
1044 2005 1081 2040 vr.
1096 1998 1190 2056 capo.
1212 1994 1320 2044 Briasoe.

255 2061 654 2130 remedlausurpauda,quaeipsl
663 2063 783 2116 faciendo
856 2067 893 2115 Ob
903 2065 1043 2118 libidiseset
1054 2069 1184 2133 adalberio]
1195 2070 1351 2125 Plutarchus

256 2137 365 2188 similem
392 2139 509 2190 morbum
543 2135 703 2204 effugissent,
738 2148 784 2190 aut
821 2142 905 2206 legem
924 2157 938 2192 a
959 2143 1068 2192 Romulo
1087 2143 1120 2194 tls
1140 2143 1353 2198 diuortiolatam

256 2213 334 2263 alium
355 2214 489 2278 novissent
510 2213 654 2279 effugisset,
688 2222 726 2278 et,
755 2224 784 2267 ut
822 2216 944 2281 prodidit.
964 2217 1353 2280 siquidemail,iuteralinsle·

256 2290 348 2340 sutlror
356 2297 398 2340 est
409 2291 567 2341 Herodotus·
575 2291 600 2340 in
613 2291 697 2356 primo
708 2293 784 2343 bisto-
822 2305 867 2356 ges
878 2292 980 2342 Romuli
990 2293 1058 2342 illam
1066 2290 1145 2343 fnisse
1153 2293 1354 2358 acerbissimam,

256 2365 363 2428 riarum,
374 2367 435 2417 nulli
452 2365 490 2417 ias
502 2376 540 2419 est
551 2368 706 2432 languentes
718 2384 784 2433 prae-
822 2381 880 2432 qute
901 2366 974 2416 uxori
993 2375 1148 2432 potestatem
1166 2383 1181 2416 a
1199 2369 1252 2418 viro
1268 2369 1353 2418 diace-

256 2442 335 2492 terite
345 2443 456 2500 silentio,
468 2437 516 2494 ulei
527 2444 598 2508 prins
611 2445 787 2508 exploraverit
822 2443 901 2493 dendi
912 2443 1019 2506 ademit,
1035 2444 1091 2492 viro
1108 2458 1215 2494 uxorem
1231 2444 1355 2511 exigendi

255 2531 366 2580 quonam
379 2516 467 2566 morbo
478 2517 606 2570 laborent.
623 2521 734 2572 Beroald.
823 2518 907 2580 dedit,
919 2519 940 2567 sl
951 2533 1007 2567 eam
1018 2527 1061 2567 aut
1069 2525 1186 2582 stuprum
1195 2520 1298 2582 iecisse,
1308 2527 1354 2573 aut

291 2592 323 2640 Ia
334 2607 379 2654 ouo
390 2591 580 2651 emmisse'jus
597 2592 733 2642 tribunitia
744 2609 785 2656 po·
824 2605 949 2642 uenenum
969 2606 1082 2656 parasse,
1095 2600 1140 2643 aut
1151 2593 1227 2658 lilios,
1238 2603 1285 2645 aut
1300 2597 1354 2647 ela·

256 2667 350 2715 mods
365 2665 431 2714 aises
448 2667 494 2728 est]
518 2666 622 2727 Nempe
641 2679 732 2716 reeens
752 2667 785 2716 ab
824 2679 867 2716 res
886 2665 1028 2728 subjecisse
1046 2669 1227 2731 comperisset.
1258 2670 1353 2736 Itaque

256 2740 375 2805 Angusto
392 2741 515 2802 iuventte,
527 2752 578 2788 non
600 2740 695 2802 prisere
716 2741 785 2791 illiue
823 2747 912 2804 postea
924 2741 949 2790 iu
961 2753 1013 2790 arr.
1024 2741 1131 2793 Tabulis
1141 2741 1282 2796 divortium
1293 2759 1353 2796 essa

256 2825 285 2866 et
297 2816 426 2868 ueteribus
439 2821 577 2879 usurpata.
595 2816 704 2866 Cautum
716 2816 786 2867 euim
823 2817 983 2880 permissum,
1011 2830 1044 2866 ex
1072 2830 1104 2866 eu
1131 2816 1194 2867 licet
1216 2820 1353 2884 auspicari,

256 2891 353 2950 tuerat,
371 2893 446 2942 Livio
465 2898 493 2942 et
509 2891 717 2942 Halicarnassaeo
736 2898 786 2943 tes·
823 2892 892 2957 quod
903 2892 986 2956 iuquit
997 2893 1088 2943 cicero
1105 2893 1131 2943 io
1152 2893 1306 2958 Philippicis
1316 2896 1353 2946 de

256 2970 334 3033 tibur,
352 2983 384 3018 ne
402 2975 478 3018 extra
498 2967 594 3018 Urbem
614 2966 785 3020 'l'ribunorum
822 2965 952 3016 Antonio:
971 2967 1067 3032 ‘Frugi
1085 2965 1169 3018 factus
1186 2977 1235 3032 est,
1249 2970 1353 3024 mimam

257 3052 373 3109 potestas
384 3045 521 3110 quiequam
534 3043 640 3094 valeret.
822 3043 893 3092 illam
904 3057 976 3092 suam
993 3057 1051 3092 snas
1060 3042 1110 3092 sibi
1125 3057 1167 3093 res
1178 3044 1274 3094 babere
1285 3046 1353 3097 dixit

289 3120 477 3186 Astisoplsistm]
492 3121 587 3184 idest,
599 3127 744 3186 pugnanter
756 3137 786 3174 ac
824 3134 856 3170 ex
866 3119 1028 3182 xuntebulis,
1036 3119 1123 3170 clares
1133 3120 1239 3183 ademit,
1247 3120 1353 3186 exegitl,

257 3205 438 3248 concertantes
456 3195 594 3261 sophistas.
824 3194 908 3258 Sigon.
1344 3249 1347 3256 Δ

292 3273 543 3339 Cmnupporitoridus]
555 3273 725 3339 apparitores
734 3289 787 3326 ma·
857 3272 1036 3336 Repudiumqee
1056 3273 1079 3322 ei
1098 3287 1140 3324 sto
1159 3273 1251 3324 aoniae
1271 3276 1354 3326 remia·

258 3352 420 3414 gistratnnm'
436 3350 610 3414 dicebantur,
628 3352 671 3416 qni
695 3353 787 3414 magis·
824 3348 886 3412 sem]
903 3347 1050 3412 Repudium
1068 3356 1097 3400 et
1113 3349 1252 3401 disortium
1273 3352 1353 3408 etiem

257 3433 370 3474 tratnnm
399 3427 506 3488 imperio
525 3435 620 3488 presto
648 3435 732 3492 erant,
758 3437 788 3480 ut
825 3423 1035 3480 interabsentes,
1048 3439 1097 3474 nen
1115 3424 1259 3490 moaojure
1273 3427 1353 3491 cirili,

257 3501 362 3562 scribe,
390 3502 503 3562 accensi,
525 3500 694 3564 interpretes,
723 3517 786 3566 prte-
826 3502 1012 3552 verumetiam
1033 3501 1353 3556 divloofiericuusuare·

258 3590 345 3634 eones,
367 3577 488 3640 viatores,
507 3575 620 3633 lictores,
643 3578 787 3628 carnifices.
826 3585 895 3627 runt.
930 3578 1007 3628 Unde
1024 3578 1119 3628 usitata
1137 3580 1245 3642 loeutio,
1261 3583 1354 3634 ‘Nun-

257 3654 325 3704 lirec
337 3663 423 3703 aurem
435 3667 540 3702 munere
549 3653 648 3704 libertis
667 3652 722 3704 iere
734 3656 787 3704 suis
827 3655 889 3704 tium
901 3653 1025 3718 mittere,'
1040 3654 1170 3706 ‘libellum
1183 3658 1282 3720 repudii
1294 3660 1353 3710 mit·

258 3730 423 3795 magistratus
443 3730 550 3794 quisque
569 3739 641 3778 more
659 3730 787 3793 majorum
827 3728 900 3778 tere!
931 3729 1043 3794 Proprie
1060 3731 1124 3782 dieti
1138 3733 1248 3796 repudii,
1264 3731 1355 3797 idest,

258 3806 398 3858 mandarit.
431 3805 507 3857 Quod
519 3819 577 3856 cnm
590 3819 623 3856 ea
634 3805 690 3856 eliis
700 3808 787 3858 miultis
825 3819 876 3870 quo
897 3807 1028 3868 sponsalia
1046 3806 1213 3860 dirimuntur.
1232 3805 1287 3855 bec
1308 3823 1352 3858 re·

258 3883 322 3932 loeis
332 3880 473 3945 colligitur,
489 3887 543 3932 turn
562 3881 671 3931 maxime
688 3896 719 3930 ex
731 3896 786 3932 ora·
825 3888 896 3932 tosta
917 3880 1026 3930 formula
1044 3880 1108 3928 init:
1126 3880 1289 3930 ‘conditione
1308 3887 1359 3933 tua

257 3957 470 4008 tioneSenstoris
480 3955 625 4020 cujusdam,
636 3956 704 4020 epod
716 3957 787 4006 'laei-
825 3971 875 4004 non
888 3955 965 4006 riter!
982 3956 1139 4004 Hottomnnn.
1174 3954 1284 4006 Dirortil
1300 3955 1354 4018 serf

259 4041 314 4086 tutu
326 4035 359 4083 de
368 4033 546 4082 libertinorum
557 4031 648 4082 ordine
663 4033 700 4083 ite
710 4031 787 4084 disse·
824 4032 921 4082 mulam
932 4029 1012 4080 irrisae
1023 4031 1133 4092 reperio,
1149 4035 1207 4080 ‘res
1229 4039 1293 4082 tuas,
1305 4034 1353 4084 tibi

259 4109 787 4173 tentis:‘Hiucplerumquetribus,de·
824 4105 936 4171 babeto,’
966 4107 1005 4155 vel
1026 4110 1084 4154 ‘res
1106 4113 1163 4154 tuas
1189 4107 1235 4156 tibi
1262 4110 1352 4171 agite?

259 4188 354 4243 eudes,
375 4185 518 4236 ministeria
535 4183 739 4250 magistratibus,
760 4192 788 4236 et
824 4184 894 4249 quod
916 4189 944 4233 et
965 4182 1059 4231 Cicero
1088 4181 1113 4230 in
1137 4181 1250 4248 l’lrillpp.
1274 4185 1352 4249 rigni·

261 4262 448 4330 sacerdotibus,
459 4259 576 4316 cobortes
588 4259 665 4310 etiam
679 4259 706 4310 in
724 4260 788 4312 urbe
824 4259 895 4324 ticet,
914 4267 942 4310 et
960 4255 1038 4314 catus
1056 4271 1114 4322 cap.
1133 4261 1158 4311 t.
1177 4257 1210 4308 de
1234 4257 1353 4324 diuortiis
