3168 4922
281 341 369 408 1392
627 357 736 408 noro
761 355 964 406 asaroton
988 359 1028 406 nr

282 500 318 550 de
329 499 392 550 dote
403 499 485 548 multa
499 498 525 548 in
542 501 686 550 Commeat.
698 500 725 551 l.
736 500 766 550 0.
779 497 812 548 ad
850 499 949 563 tiquam
964 499 1187 562 oonsrmtndinem
1199 501 1375 552 constituere:

280 577 391 639 Papiam
404 576 496 636 legent.
514 575 619 638 Lipet'as.
850 575 896 650 sed
916 577 1033 624 omnibns
1060 578 1109 626 lroo
1133 591 1203 642 aegre
1225 576 1377 640 terentibus,

317 651 385 699 Car.
400 653 440 699 8⁵.
469 649 606 702 denotarent
617 646 761 712 efflantium]
778 648 812 696 E·
848 652 1132 702 aexoentoasenatores
1143 653 1250 716 delegit·
1275 654 1379 716 Postea,

280 736 343 774 rant
361 725 450 775 Romae
468 725 623 774 Senatorum
639 723 750 772 omnium
767 737 813 770 no·
848 726 1016 790 ernmdenuo
1035 729 1376 784 examineinstitnto,mnlti
1413 729 1416 736 '

284 803 353 851 mina
378 802 403 849 iu
424 800 508 850 albarm
533 801 623 863 relata,
650 800 719 850 unde
741 800 813 849 citati
850 800 941 850 ordine
953 804 1082 853 senatorio
1094 804 1158 854 moti
1169 812 1265 866 essent,
1277 819 1375 860 aarum·

282 879 375 928 ordina
387 891 433 927 suo
445 877 552 941 quisque
565 874 813 938 prooedebantpult·
851 891 902 941 qua
921 879 1037 928 nonnulli
1055 893 1158 928 caussas
1176 879 1309 944 afferrent,
1329 896 1378 932 our

280 955 390 1002 licarum
400 952 591 1001 solemnitatum
603 950 703 1001 diebus.
720 950 797 1000 Bern.
852 951 938 1016 inique
958 967 1044 1002 rernm
1060 961 1243 1016 autumaret,
1267 954 1298 1004 iis
1322 962 1377 1008 tum

318 1030 396 1078 Errat
408 1028 469 1077 raim
479 1041 549 1090 snper
559 1025 635 1088 nilla]
654 1026 718 1076 Cum
727 1040 743 1073 ι
750 1025 814 1073 Tet-
849 1028 985 1091 Arignotus
997 1030 1065 1078 inter
1076 1029 1223 1091 Senatores,
1234 1028 1377 1093 eodemque

281 1105 366 1170 quiuii
384 1104 469 1154 Prisci
485 1103 645 1167 temporibus
665 1103 697 1152 ad
716 1102 813 1165 Syllam
850 1103 949 1165 nabitu,
969 1105 1088 1154 convivia
1108 1112 1135 1154 et
1155 1106 1306 1168 spectacula
1327 1105 1378 1154 fre·

279 1193 365 1244 usqne
377 1180 485 1229 trecenti
506 1187 606 1228 tantum
624 1179 762 1229 Senatores
774 1174 813 1225 sn·
850 1179 1001 1244 quentandi,
1019 1195 1050 1230 ac
1067 1179 1190 1244 deinceps
1213 1181 1378 1244 magistratus

229 1283 231 1288 =
279 1255 376 1312 issent,
392 1262 452 1318 poat
469 1254 515 1303 illa
526 1253 605 1317 caepit
625 1253 713 1316 aligeri
726 1266 813 1302 nnme-
849 1255 959 1318 petendi
969 1257 1070 1320 copiam
1082 1256 1155 1306 lecit.
1190 1255 1286 1305 Horum
1301 1257 1377 1320 pleri·

283 1344 337 1390 ans,
348 1330 391 1394 qni
404 1330 461 1392 jam
477 1329 636 1392 temporibus
649 1328 714 1380 lulli
726 1328 759 1377 ad
770 1341 814 1375 oe·
850 1347 901 1396 qne
922 1333 1057 1395 postmodo
1084 1333 1110 1382 in
1131 1333 1255 1384 Senatum
1278 1335 1378 1398 recepti

285 1407 416 1470 linguatos
428 1411 594 1466 creverat,ut
604 1409 742 1453 auctorest
753 1403 812 1452 Diu.
851 1415 921 1470 snnt,
939 1409 1017 1471 panni
1034 1410 1059 1458 ln
1079 1409 1165 1458 medio
1177 1411 1244 1459 inter
1255 1411 1378 1462 Senatum

281 1483 324 1532 dia
349 1489 452 1530 mortuo
473 1480 580 1529 ducenti
601 1493 746 1541 accessere,
767 1493 814 1541 per
851 1497 882 1531 aa
895 1484 1015 1546 populum
1027 1485 1085 1534 loto
1097 1485 1210 1548 reputati
1221 1495 1378 1537 manserunt.

283 1556 412 1607 factiones
427 1555 551 1606 bellorum
568 1555 680 1604 uirilinm
698 1554 814 1604 admittis
851 1560 902 1608 Dio
914 1559 1028 1610 Cassius.

284 1633 414 1695 omnibus,
433 1631 597 1696 paradigma,
618 1646 669 1695 qna
693 1629 814 1696 indignit.
884 1633 985 1684 Duriae
1006 1635 1155 1699 lectionibus]
1182 1635 1214 1684 lu
1239 1634 1378 1700 Aneyrano

282 1707 363 1758 tidem.
851 1709 937 1772 lapide
954 1709 991 1760 ait
1008 1709 1150 1775 Augustos,
1162 1717 1203 1760 ter
1215 1725 1230 1760 a
1241 1725 1269 1760 se
1284 1712 1378 1762 lectum

319 1779 814 1844 Qaoeorctaaa11tattascammatiana·
851 1793 979 1836 senatum.
1013 1787 1065 1836 Dio
1087 1787 1190 1836 Nireus
1210 1786 1332 1850 plurimas
1349 1787 1380 1836 il·

278 1857 370 1920 jus,et
386 1873 433 1907 cur
444 1857 569 1922 irreptioii
581 1865 713 1906 senatores
725 1856 761 1905 illi
774 1870 814 1905 or·
851 1862 900 1910 tim
923 1859 1041 1929 ignitam
1060 1869 1253 1912 commemorat.
1286 1863 1379 1911 suato-

282 1933 338 1982 elai
356 1933 517 1996 dicerentur,
536 1946 569 1980 ex
590 1931 732 1982 Plutarcho
755 1946 814 1995 eog-
850 1937 909 1986 nlas
917 1936 1015 2002 absque
1025 1938 1124 1987 numeri
1132 1936 1277 2000 adjectione
1285 1937 1378 1985 lernam

285 2009 403 2058 noscitur
422 2009 448 2058 ia
465 2007 573 2058 Antonii
596 2007 650 2056 rita
666 2021 691 2056 n.
710 2011 751 2057 20.
770 2007 815 2056 nbi
852 2012 924 2062 alteo
935 2020 1053 2062 senatum
1066 2010 1161 2062 refert:
1174 2013 1301 2061 nonenim
1313 2012 1379 2062 indi·

281 2089 422 2146 memorat,
450 2082 602 2146 Antonium,
630 2083 817 2133 commentaria
852 2087 1015 2150 oarerolnit,
1031 2087 1132 2152 quoties
1151 2095 1265 2136 senatum
1278 2087 1379 2151 Augus·

280 2158 420 2209 interiecti
440 2159 564 2221 Coesarit,
585 2158 611 2207 in
638 2158 729 2222 quibus
757 2165 817 2206 acta
854 2171 895 2212 tos
907 2163 1076 2223 recensuerit,
1087 2163 1133 2212 sed
1148 2163 1381 2226 qnomodorrstio-

281 2235 445 2300 decretaque
471 2235 525 2299 ejns
558 2240 633 2283 erant
658 2233 815 2299 perscripta,
851 2237 1043 2303 neminqnam,
1053 2237 1157 2300 legendi
1169 2237 1266 2287 ordinis
1277 2237 1381 2302 mplia-

286 2312 438 2373 nactum,iis
446 2312 612 2376 adscripsisse
623 2311 815 2374 quevolaarat,
852 2313 909 2362 simi
921 2313 1060 2377 expressit.
1077 2313 1179 2362 Cauni.

283 2387 396 2452 etqnaai
407 2402 441 2434 ex
459 2401 547 2436 eorum
567 2387 723 2436 auctoritate
739 2398 815 2446 qnos·
888 2387 941 2442 Quo
959 2388 999 2435 sis·
1018 2388 1096 2435 airam
1115 2387 1187 2448 leg-it]
1203 2387 1315 2437 Senator
1325 2389 1382 2439 scil.

287 2463 345 2511 dam
356 2463 388 2511 ab
400 2463 476 2510 exilio
486 2463 627 2516 reduxisse.
637 2461 699 2508 allos
709 2460 816 2508 aulrisse
854 2461 939 2518 aliurn,
952 2476 1027 2525 quern
1044 2462 1155 2511 maxime
1170 2462 1269 2512 scilicet
1281 2478 1311 2512 eo
1324 2465 1381 2513 loco

288 2536 408 2596 vinculis,
430 2536 525 2584 maltos
547 2534 627 2583 etiam
648 2533 675 2583 in
697 2539 815 2582 renatum
853 2536 1270 2599 dignumjudicaret‚sltomanae
1282 2538 1381 2588 militie

288 2611 425 2673 allegisset
442 2623 506 2673 qnos
518 2623 607 2661 oannes
618 2608 729 2672 populna
741 2608 816 2657 nam.
854 2613 1050 2661 cousuetudine.
1068 2613 1303 2678 Eleganterigitur‚
1311 2616 1380 2678 apnd

288 2700 335 2750 per
346 2685 485 2736 ludibrium
494 2686 648 2736 Charonltas
661 2683 817 2749 appellabat.
853 2687 982 2748 Taciturn,
993 2687 1081 2736 Galba
1092 2689 1118 2736 ln
1134 2688 1242 2737 militum
1254 2691 1380 2738 concione

286 2759 458 2822 Ἐιςγχόμινιι
479 2761 526 2824 γὰρ
541 2760 574 2812 ele
590 2763 634 2810 τοῦ
649 2762 732 2825 νεκροῦ
748 2759 817 2810 mri-
854 2763 974 2827 adoptari
996 2779 1011 2812 a
1030 2777 1057 2812 ae
1074 2764 1195 2813 Pisonem
1218 2763 1289 2817 dicit,
1309 2777 1381 2812 more

287 2845 379 2900 φειηιν
400 2837 639 2900 ὑπομνηματισμιύιι
658 2835 817 2902 quandoqni·
855 2838 917 2887 Diri
934 2837 1056 2902 Augusti,
1076 2845 1103 2888 et
1127 2840 1245 2901 exemplo
1267 2838 1383 2901 militari,

287 2913 345 2962 dem
365 2913 408 2964 ubl
427 2917 538 2978 quanto
555 2920 639 2965 status
655 2913 686 2962 iis
698 2910 817 2961 moreba-
854 2911 954 2976 qnorir
965 2915 1045 2962 rirum
1058 2915 1166 2977 legeret.
1184 2915 1290 2963 Tenent.

287 2995 340 3053 tur,
352 2990 386 3038 ad
403 2991 498 3040 mortui
509 2987 647 3055 (eaaarta)
661 2995 818 3039 commenta·
887 2989 1038 3038 Praetnsloto
1047 2988 1113 3052 ιὶιιιι]
1128 2990 1240 3037 Etenna
1259 2995 1342 3049 veste,
1353 2993 1381 3038 et

287 3065 344 3114 rior
352 3062 545 3129 confugiebant,
561 3071 588 3113 et
600 3077 688 3113 eorum
706 3061 817 3110 auetori-
854 3064 999 3125 explorata,
1010 3077 1042 3112 ne
1053 3062 1102 3112 sub
1114 3077 1145 3111 ea
1160 3063 1256 3112 ferrum
1267 3064 1383 3112 occulta·

287 3145 343 3188 tate
360 3150 388 3186 te
405 3139 553 3188 tuebantur.
587 3137 714 3188 Nimirum
724 3135 817 3184 allusio
855 3145 935 3185 retnr.
953 3137 1030 3186 Bern-
1206 3197 1208 3204 Ι

280 3215 358 3265 1ἰιιιιιι
377 3221 419 3264 eat
437 3215 588 3265 edilbertus
604 3213 686 3263 dictos
697 3212 817 3260 Oreinos.
887 3211 986 3272 Insigne
996 3211 1082 3274 ιιιίίι]
1098 3211 1202 3260 Vestltu
1213 3209 1382 3263 Senatoresa

285 3297 317 3338 ut
335 3289 404 3338 enlm
421 3289 448 3338 lai
465 3290 591 3339 directam
609 3303 642 3337 ex
661 3293 817 3336 testamento
853 3284 932 3349 plebe
950 3292 978 3335 et
998 3285 1134 3350 Equitibns
1154 3284 1381 3338 fuissediatinetoa

287 3363 435 3416 libertatem
464 3369 633 3429 acceperuut,
660 3371 689 3411 et
710 3361 818 3424 proinde
853 3367 1004 3410 notnmest.
1038 3361 1097 3410 Hoc
1108 3368 1193 3410 entem
1210 3361 1310 3424 insigne
1324 3370 1383 3412 erat

290 3446 428 3504 patronum
437 3439 535 3488 nullutn
548 3439 643 3500 virum,
653 3438 699 3487 sed
710 3439 765 3500 jam
777 3451 817 3488 or·
855 3437 942 3485 tunica
954 3436 1001 3485 lati
1011 3437 1086 3501 olari,
1094 3444 1121 3485 ut
1130 3437 1262 3502 Equitum,
1270 3440 1383 3502 angusti.

290 3529 322 3564 co
333 3519 469 3576 receptum
489 3513 644 3569 habuerunt,
660 3513 697 3561 ita
707 3513 817 3561 Senatu·
854 3511 924 3560 Hine
935 3513 1066 3564 senatoria
1077 3513 1190 3577 digniter
1201 3514 1271 3564 diota
1282 3515 1383 3565 laticla-

290 3603 330 3640 rea
342 3589 378 3637 illi
386 3590 514 3639 nemiuem
524 3590 610 3639 sirum
619 3603 672 3638 auae
684 3587 817 3652 dignitatis
854 3589 904 3636 ala.
921 3588 995 3638 Idem.

290 3671 406 3718 tutorem
429 3664 498 3715 aiere
517 3670 647 3729 poterant,
663 3663 710 3713 aed
731 3664 818 3713 Caeaa·
886 3663 1015 3726 Spectandi
1034 3665 1060 3713 in
1082 3665 1214 3727 orchestra]
1239 3665 1382 3715 Orchestra

288 3755 343 3791 rem
353 3747 453 3791 tantum
468 3742 523 3804 jam
534 3739 604 3790 Orto
614 3739 761 3796 demissum,
772 3753 817 3790 seu
854 3739 926 3788 locus
939 3739 1037 3803 primus
1049 3740 1073 3787 in
1091 3740 1202 3801 theatro,
1213 3739 1381 3790 Senatoribus

284 3813 817 3880 qatjamtaoretramittaaamaratatar.
854 3813 886 3862 sd
910 3815 1078 3878 spectandam
1094 3815 1254 3878 designatus.
1287 3816 1329 3864 De
1351 3830 1382 3864 ea

289 3892 445 3941 Plutarchus
474 3892 627 3941 Charouitas
653 3891 730 3948 dixit,
757 3891 819 3954 quia
854 3889 929 3951 pleae
948 3889 1048 3954 lipsius
1068 3891 1095 3940 in
1113 3892 1300 3955 ampltltlreatro
1322 3905 1379 3953 oap.

286 3967 446 4016 charontem
457 3965 523 4016 Oroi
538 3965 689 4030 portitorem
707 3963 816 4014 laniunt.
855 3969 894 4016 1⁴.
913 3967 988 4016 Idea.

289 4043 366 4092 idem.
887 4042 1008 4106 Epulaadi
1020 4043 1112 4106 pallias
1124 4041 1177 4106 jus]
1194 4043 1231 4092 Ul
1250 4048 1312 4107 puta
1322 4055 1380 4090 oum

322 4117 501 4180 Adpristinrnn
518 4113 598 4180 modo]
614 4115 749 4165 Statuerat
761 4114 818 4177 qui·
854 4117 926 4169 dorla
948 4117 1024 4181 epulo
1045 4117 1134 4182 (quam
1159 4132 1258 4169 ooeuaaa
1277 4115 1380 4167 Dialem

290 4193 348 4246 dem
361 4201 493 4248 trecentos
502 4201 612 4260 tantun,
621 4191 762 4244 sanatum
774 4205 818 4242 an·
855 4200 932 4244 sonat
943 4192 1038 4244 alieubi
1047 4192 1161 4258 daneta)
1172 4195 1284 4245 emtas
1294 4193 1321 4244 ln
1332 4191 1381 4243 c·-
