3166 4904
291 370 378 441 1124
699 381 858 432 nostru
885 379 985 475 vrqr.

293 554 358 599 nus
372 539 490 595 meas⁹
512 533 546 594 et
561 527 655 610 Eleqi
671 527 734 590 snb
751 523 826 608 ejus
841 522 954 599 titulo,
971 529 1007 585 et
1030 519 1187 605 Epistola
1201 539 1300 604 prosu
1313 541 1387 587 ora-

294 638 397 711 tione,
411 633 508 716 quasi
524 627 788 694 commendantis
803 643 841 687 se
857 613 1058 688 Maecenati:
1077 622 1134 686 sed
1144 629 1284 704 utreque
1299 625 1389 687 salsa

294 743 389 819 puto.
421 731 511 798 Nam
528 729 621 811 Elegi
636 728 799 808 vulgares,
810 723 968 806 Epistola
980 724 1080 787 etium
1091 731 1117 760 ¹⁰
1139 725 1303 787 obscura:
1321 743 1389 806 quo

293 835 378 899 vitio
390 831 526 896 minime
542 828 722 893 tenebatur.
767 823 877 888 Natus
893 827 945 887 est
959 829 1059 886 sexto
1069 822 1153 886 Idus
1170 823 1388 900 Decembres,

296 934 404 998 Lucio
429 927 552 1006 Cotta)
581 936 617 992 et
645 927 750 994 Lucio
771 925 944 1006 Torquato
967 923 1184 988 Consulibus.
1231 925 1392 988 Decessit

296 1035 413 1119 quinto
443 1029 617 1096 Kalendas
652 1026 868 1094 Decembres,
902 1023 986 1088 Caio
1016 1021 1168 1088 Marcie¹
1191 1024 1391 1100 Censorino,

295 1141 329 1199 et
342 1133 426 1198 Caio
441 1130 562 1196 Asinio
579 1127 680 1192 Gallo
697 1125 913 1201 Consulibus,
929 1131 1008 1206 post
1023 1125 1200 1207 septimum
1210 1133 1275 1189 ².et
1294 1125 1393 1208 quin-

297 1213 526 1318 quagesimum
556 1247 688 1303 annum,
716 1225 843 1290 herede
872 1224 1025 1312 Augusto
1052 1226 1163 1308 palum
1184 1233 1393 1308 nuncupato,

298 1355 386 1410 cum,
402 1339 538 1412 urgente
553 1331 586 1393 vi
607 1327 819 1400 valetudinis,
833 1345 898 1389 non
928 1325 1096 1390 sufficeret
1107 1325 1151 1390 ad
1166 1327 1393 1408 obsignandas

297 1432 489 1498 testamenti
511 1431 658 1495 tabulas·
703 1427 875 1492 Humatus
907 1433 943 1490 et
964 1426 1121 1493 conditus
1156 1435 1209 1516 est
1233 1419 1394 1492 extremis

299 1533 476 1616 Esquiliis,
488 1531 591 1616 juxta
605 1529 806 1594 Maecenatis
821 1524 1008 1592 tumulum*

755 1743 906 1764 0000000000
908 1743 938 1765 n

301 1925 358 1962 cum
371 1911 477 1960 Nannio
491 1911 621 1960 tiburtini.
649 1910 775 1960 MaPut.
789 1909 897 1960 Tirbum.
926 1908 967 1960 Cf.
987 1909 1133 1958 venisent.
1148 1905 1180 1954 ed
1198 1904 1398 1955 Housman.

302 1979 394 2025 ta-tt
411 1976 480 2026 Meus
490 1975 592 2024 addidit
605 1973 674 2024 oud.
683 1981 710 2023 et
721 1988 796 2037 seqq.
808 1973 859 2022 fide
869 1974 968 2022 Mutet.
989 1973 1068 2035 Cruq.
1086 1972 1165 2034 Rutg.
1176 1970 1212 2018 its
1224 1984 1239 2017 e
1250 1970 1302 2017 suis
1314 1969 1399 2018 Codd.

301 2039 490 2088 exhibentium.
524 2039 637 2098 Ceteris,
655 2038 681 2085 in
703 2038 841 2100 quiesset
860 2037 901 2085 tit.
920 2037 978 2096 qius,
991 2036 1148 2086 deeetmess.
1180 2033 1244 2084 Mox
1256 2033 1398 2083 eorundem

300 2102 366 2150 libb.
377 2116 409 2150 ec
418 2102 540 2150 ·Bentleii
559 2101 716 2150 auctoritate
729 2101 846 2165 reposuit
857 2099 929 2149 Oud.
944 2099 1134 2156 commendantis,
1146 2112 1194 2161 pru
1206 2097 1274 2159 vulg.
1284 2111 1400 2145 mmm-

303 2167 438 2212 dana-10
457 2165 538 2213 Abest
550 2167 621 2213 dium
632 2164 664 2212 sb
680 2163 749 2212 Edd.
768 2164 849 2226 Cruq.
861 2163 943 2226 Ruig.
954 2164 1043 2212 Beati.
1077 2159 1150 2210 lnfn
1160 2175 1206 2225 pro
1218 2167 1285 2208 secto
1296 2161 1336 2208 vel
1354 2161 1401 2212 vi.

303 2227 395 2276 iuliis.
412 2226 476 2276 Put.
487 2234 528 2275 est
539 2226 641 2276 lta—1
660 2227 743 2274 Murio
764 2225 832 2276 Edd.
852 2227 931 2339 erq.
944 2228 1082 2277 etMuret.
1115 2225 1214 2287 Copula
1235 2223 1310 2273 deest
1330 2223 1398 2272 Edd.

305 2289 417 2340 Cassub.
428 2298 456 2339 et
466 2304 539 2402 seqq.
550 2291 628 2340 etism
639 2290 729 2338 Burm.
747 2290 841 2339 Mullet
857 2289 900 2340 Ou
921 2324 928 2338 .
940 2299 999 2340 utro
1018 2303 1051 2339 ne
1062 2292 1117 2338 loro
1129 2291 1156 2338 in
1167 2288 1305 2340 Consulum
1320 2288 1400 2336 nomi·

301 2355 357 2404 nib.
366 2355 467 2403 sbesse.
520 2353 553 2403 ed
565 2360 707 2416 quoscum
724 2353 766 2402 bic
784 2354 847 2402 Mus.
865 2363 893 2403 et
915 2354 982 2403 Edd.
1019 2357 1116 2402 eth-2
1133 2351 1175 2401 Its
1192 2366 1250 2400 cum
1265 2349 1342 2399 Wolf.
1358 2365 1400 2400 re·

303 2419 411 2529 scripsit
426 2417 536 2481 Bsumg.
555 2431 603 2480 pro
620 2417 689 2480 vulg.
707 2431 803 2480 mum,
823 2417 861 2467 uti
875 2417 931 2479 jsnr
953 2424 1107 2468 monuerunt
1122 2429 1156 2465 ex
1176 2415 1283 2466 Hieron.
1303 2415 1399 2465 Cirrom

305 2495 349 2529 run
375 2493 392 2528 ι.

796 2591 922 2662 »ποτεΙ

336 2688 434 2738 ¹Lucio
457 2685 541 2750 Cotto]
570 2685 651 2750 cujm
673 2687 714 2738 sui
736 2687 831 2738 natalis
872 2689 958 2739 iubae
969 2690 1033 2752 vite,
1048 2705 1081 2740 ex
1099 2689 1151 2740 fids
1166 2690 1277 2740 virorum
1288 2687 1400 2740 erudito·

303 2765 361 2829 ipse
382 2763 499 2815 meminit
519 2764 546 2813 iu
557 2817 561 2823 ,
571 2764 684 2814 carmine
710 2763 831 2814 vicesimo
872 2780 938 2827 rum,
948 2765 991 2829 qui
1002 2765 1071 2813 iliam
1083 2765 1157 2827 prium
1173 2765 1346 2829 publicarunt,
1356 2765 1401 2815 bic

303 2843 387 2904 primo
407 2840 466 2890 libri
484 2840 564 2890 tertii.
598 2841 723 2891 Consules
746 2849 831 2890 sutem
873 2837 1024 2902 edits,sunt
1041 2838 1279 2890 rnimrdverrends.
1311 2840 1401 2898 Initio,

305 2913 409 2966 fuerunt
439 2917 533 2966 Lucius
555 2915 676 2968 Aurelius
698 2917 786 2980 cette,
805 2925 832 2966 et
872 2919 964 2964 utem
974 2915 1249 2976 emmeramum,
1263 2915 1355 2972 uisere
1366 2929 1402 2964 er.

304 2991 400 3042 Lucius
411 2993 525 3044 Manlius
540 2993 697 3057 Torqustus,
712 3007 779 3043 anno
792 3007 833 3042 ur·
873 2990 1046 3039 Helleuismus
1057 2997 1099 3038 est
1109 2990 1135 3037 iu
1147 2988 1206 3044 illie,
1216 2991 1223 3016 ⁸
1235 2990 1288 3038 ridi
1300 2997 1401 3054 petrem

304 3067 345 3116 bis
363 3069 553 3118 sexcentesimo
570 3067 731 3130 octogesimo
749 3081 833 3116 nono:
873 3065 1403 3127 tuumcubitoemungentem,'&sopimur-

305 3141 351 3192 κά
375 3143 452 3192 Caius
472 3142 587 3192 Marcius
618 3141 784 3196 Censorinus,
807 3147 834 3190 et
873 3157 905 3187 τα
915 3153 961 3203 pro
972 3137 1141 3199 dsupbrrouru
1151 3139 1242 3201 tueris,
1250 3141 1289 3190 vel
1298 3139 1402 3200 ἀπομύτ-

306 3217 384 3265 Ceius
395 3215 499 3265 Asinius
507 3216 608 3272 (lullus,
616 3215 755 3278 annispost
763 3215 834 3279 quin·
874 3212 1058 3278 superaquam
1070 3215 1168 3264 Ledrtii
1180 3216 1271 3265 Bione.
1302 3217 1347 3264 Sic
1358 3229 1403 3265 ex-

306 3289 430 3354 qnsgints
449 3294 561 3352 septem,
578 3291 626 3340 boe
641 3295 692 3352 est,
703 3303 770 3339 sono
782 3289 834 3340 Ro·
875 3303 964 3338 ercere
975 3304 1032 3354 pro,
1042 3304 1069 3338 se
1080 3303 1210 3340 exercere.
1235 3291 1303 3340 Puto
1314 3297 1404 3340 temen

305 3377 355 3412 mre
366 3363 598 3428 septingentesimo
606 3365 835 3430 et'qusdrsgeeimo
875 3365 1010 3429 scripsisse
1027 3365 1086 3415 beia
1104 3365 1176 3415 Suet.
1197 3365 1274 3414 cubito
1293 3381 1319 3415 ss
1336 3381 1404 3416 muu-

307 3442 392 3488 sexto.
424 3437 512 3500 Qnsre
532 3439 558 3488 in
579 3439 682 3490 Eusebii
702 3439 835 3490 Chronieis
873 3445 976 3502 gestes.
1012 3440 1166 3490 Mecenstis
1195 3441 1313 3490 uersiculi
1340 3441 1404 3490 aiibi

307 3511 405 3561 rectius
422 3518 537 3563 notatum
548 3521 598 3577 est,
611 3512 751 3564 Horatium
762 3517 835 3580 quin·
875 3515 1025 3564 scribuntur
1036 3515 1211 3564 emendatius:
1234 3515 1271 3565 Ni
1288 3519 1312 3565 te
1328 3517 1405 3566 sisce-

308 3586 456 3651 qusgesimo
467 3590 577 3651 septimo
596 3591 682 3640 etatis
700 3605 752 3641 sua
769 3607 836 3642 snno
876 3587 941 3638 ribus
957 3589 1024 3652 nub,
1034 3588 1135 3650 Horati,
1151 3590 1208 3638 dura
1217 3591 1271 3655 plus
1281 3592 1366 3654 diligo,
1376 3599 1406 3640 ts

308 3663 836 3731 Romusssemortunm,qusnrbinserip-
877 3668 942 3714 trum
963 3666 1065 3714 metes
1081 3664 1172 3713 Nbsto
1193 3666 1274 3715 videas
1292 3667 1405 3728 musi·
1443 3705 1450 3718 .

309 3745 547 3801 tempestatium
559 3741 836 3805 etqulnqusgesimnm
877 3753 947 3788 onas.
969 3739 1059 3789 Scribe
1070 3753 1138 3800 mox,
1157 3745 1183 3788 ut
1194 3739 1238 3789 luc
1248 3744 1280 3790 ud
1295 3755 1327 3791 rr.
1348 3743 1406 3791 De·

310 3811 566 3863 nnnumdeeessisse.
585 3814 664 3865 Visst.
780 3863 782 3867 ,
877 3814 1231 3878 inde,tmqumnsicmuisisr
1241 3817 1404 3877 milifireris':

341 3884 353 3919 ¹¹
371 3887 430 3936 Non
443 3887 575 3950 pertinere
588 3887 655 3938 benc
667 3889 748 3939 vitem
763 3887 796 3940 sd
807 3889 836 3940 li·
878 3904 986 3940 sumens
995 3889 1106 3954 Augusti
1115 3900 1196 3941 certo.
1211 3891 1404 3955 Sequituritrm

309 3963 392 4012 bellos
403 3963 436 4011 de
446 3961 627 4014 Grammaticis
634 3971 660 4013 et
669 3963 836 4030 Rhetoribns,
875 3966 901 4015 in
919 3965 1005 4015 verbis
1020 3965 1142 4029 Augusti,
1157 3966 1198 4015 sed
1213 3966 1235 4014 si
1253 3967 1299 4016 tibi
1312 3971 1406 4016 aarum

310 4037 384 4086 tuitio
406 4035 581 4087 ostendimus:
611 4051 696 4103 neque
719 4039 836 4091 dnbitsre
876 4042 949 4097 deest,
968 4041 1029 4089 uude
1054 4045 1098 4089 est.
1140 4040 1251 4090 Videtur
1273 4043 1406 4105 postulare

311 4124 455 4174 possumus,
464 4111 498 4162 de
514 4112 618 4177 poitiers
631 4120 660 4163 et
674 4110 756 4177 poitls
773 4115 836 4166 Sue·
876 4116 1014 4177 sententia,
1029 4115 1080 4165 sit.
1094 4120 1126 4164 st.
1139 4116 1305 4171 decrassetur
1315 4117 1406 4167 abunde

313 4191 523 4257 touiumquoque
537 4189 679 4256 scripsisse.
711 4189 838 4244 Quadra
877 4197 920 4242 est.
948 4191 1051 4242 Vocem
1078 4190 1208 4254 Grecsm,
1235 4205 1293 4256 que
1311 4192 1406 4257 depra-
