3236 4902
469 435 473 442 .
577 395 713 448 russos
738 397 1019 449 rnnnasnrnos.
1259 387 1344 452 1227

248 535 473 602 insculpe'reutur:
491 551 540 588 nee
551 538 651 604 dubito,
663 541 689 590 iu
698 542 767 606 legg·
778 555 831 595 xrs.
842 541 914 593 labb.
922 543 1047 608 sculptum
1054 541 1131 595 fuisse
1139 545 1344 610 melm,srrrres‚

248 619 288 680 uc.
320 616 394 669 coni.
404 617 493 670 Norin‘
504 619 597 672 Cenot.
610 621 668 674 Pis.
679 635 719 672 ru.
732 627 756 672 5.

592 841 648 906 IN
684 841 999 910 DEOEMBREM.

278 1019 320 1071 Ad
333 1021 360 1071 d.
372 1025 411 1072 lu.
446 1023 526 1086 iim]
543 1023 583 1072 Ex
602 1021 641 1072 his
659 1022 757 1074 duabus
774 1024 857 1074 literis
877 1024 998 1088 conjicio,
1008 1023 1128 1076 Verrium
1139 1023 1181 1076 bic
1191 1031 1340 1088 annotasse,

246 1099 308 1150 dien
317 1105 342 1150 4.
353 1108 408 1152 sule
419 1102 479 1152 Idus
491 1103 551 1152 Dee.
567 1103 796 1155 Tuluvunuvl
807 1104 934 1155 PLEBIS
945 1105 1046 1154 incudo
1056 1107 1270 1169 demurmfeirre,
1281 1108 1342 1169 quod

245 1182 322 1231 eodir
329 1182 403 1244 primi
414 1183 515 1234 luimus
523 1185 557 1248 pi.
566 1183 733 1246 mgistratum
748 1184 856 1234 inierim
885 1183 959 1236 coni.
970 1185 1079 1250 Dionys.
1089 1185 1151 1236 ilai.
1163 1199 1202 1236 vr.
1213 1190 1255 1235 89.
1283 1184 1341 1234 Nec

247 1261 336 1311 obstat
346 1262 402 1314 cle.
412 1264 489 1313 Verr.
500 1262 561 1316 liet.
571 1277 592 1314 1.
603 1280 627 1314 e.
639 1269 679 1316 lu.
690 1265 712 1314 si
724 1279 783 1316 eum
794 1266 833 1315 lta
848 1265 970 1330 accipias,
980 1273 1072 1316 utnon
1084 1265 1117 1315 de
1128 1271 1265 1331 perpetua,
1282 1280 1341 1329 qnae

247 1347 309 1392 tunc
319 1345 443 1406 temporis
453 1344 524 1395 iacta
535 1352 614 1411 esset,
625 1347 721 1396 veteris
737 1347 907 1412 solemnisque
925 1347 1003 1396 moris
1021 1347 1200 1397 immutatione
1211 1349 1340 1412 loquatur,

245 1421 292 1470 sed
302 1423 336 1474 da
346 1424 467 1489 singulari
479 1440 507 1475 re
517 1433 625 1491 propter
636 1427 705 1477 illins
716 1427 776 1477 suni
794 1428 984 1484 necessitatem,
1003 1441 1077 1492 qnam
1097 1427 1214 1492 proiectu
1230 1429 1285 1492 ipsu
1298 1427 1340 1476 Ci-

246 1504 348 1553 eerunis
358 1505 439 1555 verba
451 1507 596 1570 exprimere
608 1507 736 1559 ridentur.

278 1583 320 1632 Ad
332 1583 357 1634 d.
369 1587 410 1634 ll.
440 1584 527 1651 Ag..]
551 1587 658 1638 Celend·
670 1586 746 1639 Msff.
761 1596 789 1639 et
805 1588 994 1639 Amiteminum
1010 1590 1059 1640 boc
1080 1588 1141 1638 die:
1158 1587 1265 1639 Aaou
1279 1588 1340 1639 NP.

245 1663 303 1713 Nee
316 1664 436 1722 dissentit
448 1667 555 1717 calend.
566 1667 677 1719 Vludob·
687 1669 715 1719 iu
726 1684 777 1734 quo
791 1665 897 1720 noratur
907 1669 1073 1733 Septimontio,
1084 1677 1114 1720 ut
1125 1668 1203 1720 docet
1215 1669 1308 1719 Festus
1316 1684 1341 1718 r.

245 1743 435 1807 Septimosls'sun,
447 1747 490 1796 ubi
503 1762 584 1812 ungas
594 1750 650 1813 egit
660 1735 797 1799 Daeerir'rs.
827 1779 830 1786 ·

278 1824 319 1874 Ad
335 1826 361 1874 d.
382 1832 420 1877 15.
455 1827 525 1881 Coae.
552 1830 624 1893 NR]
651 1825 904 1881 Calend.'Amiteru.
928 1845 966 1894 pr.
985 1829 1027 1880 ld.
1050 1829 1118 1879 Dec.
1152 1829 1274 1880 CONSO
1296 1829 1338 1879 lu

245 1904 450 1970 AVENTINO,
460 1923 490 1958 uc
500 1915 606 1972 postera
624 1909 729 1959 CONS.
749 1909 809 1959 NP·
828 1908 962 1960 PERIAE
982 1908 1112 1959 CONSO.
1125 1908 1199 1958 Anu
1211 1909 1339 1959 FORTV—

245 1986 321 2036 NAE
331 1988 468 2039 REDVCI
480 1987 601 2039 ocule.
613 1990 684 2040 EST.
701 1991 800 2040 Consus
811 1995 899 2040 antem
908 1985 940 2040 ¹et
950 1989 1088 2054 Neptunus
1099 1995 1220 2054 equester
1230 2003 1276 2052 pro
1288 2002 1340 2039 uno

245 2065 303 2117 Deo
314 2066 491 2130 habebantur3
508 2069 555 2119 sed
566 2083 717 2120 arcanorum
736 2071 826 2135 popuii
842 2069 919 2120 Rom.
930 2069 1066 2133 peritiores
1079 2069 1216 2132 putabant,
1227 2070 1339 2118 Consum

244 2160 299 2196 esse
312 2146 405 2210 Deum,
416 2149 490 2212 eujus
508 2163 601 2200 nomen
618 2157 689 2200 esset
700 2151 776 2215 vulgo
791 2151 916 2215 ignotum,
927 2149 965 2200 ita
976 2150 1072 2198 dietum
1084 2149 1117 2199 ob
1128 2157 1276 2214 suggestum
1288 2150 1338 2198 lio·

245 2229 314 2278 mulo
328 2231 458 2280 consilium
469 2230 502 2280 de
515 2238 590 2296 raptu
599 2233 726 2297 virgiuum
738 2232 901 2283 Sabinarum.
935 2231 996 2281 Huc
1007 2230 1106 2280 ducunt
1116 2245 1162 2281 uos
1174 2229 1339 2292 Plutarchus,

182 2355 183 2360 ,
237 2309 353 2374 Diuum.
364 2311 424 2361 Hal.
434 2312 537 2370 Strabo,
548 2319 576 2362 et
587 2313 639 2364 alii.

275 2393 340 2456 Is'qrri
350 2399 373 2443 el
383 2393 435 2455 ..ἢ
459 2395 566 2458 supple,
582 2394 671 2448 uuvl
687 2395 735 2444 ET
750 2394 824 2445 mall.
857 2395 967 2445 Pastore
985 2394 1084 2444 ‘Molis
1101 2391 1267 2444 celebrentur
1284 2390 1339 2440 lodi

244 2473 271 2522 iu
287 2463 364 2523 Circo
382 2487 450 2524 max.
470 2475 649 2538 Consualibus,
664 2476 727 2540 qula
743 2475 771 2525 id
789 2489 868 2540 genus
891 2473 1086 2540 quadrupedum
1105 2473 1214 2539 primum
1232 2476 1339 2537 putetur

244 2559 356 2616 coeptum
366 2555 452 2605 currui
464 2555 632 2620 vehiculoque
644 2555 765 2621 adjungi?
797 2554 873 2607 conf.
885 2555 957 2606 Plnt.
969 2557 1003 2608 Q.
1013 2555 1045 2604 R.
1056 2558 1097 2605 dl.

277 2635 308 2682 Iu
320 2634 427 2697 comnis]
450 2636 539 2686 Missis
554 2636 719 2700 opinionibus
739 2636 855 2700 eliorum,
875 2643 949 2701 pulo,
967 2637 1075 2688 Carinas
1097 2636 1198 2687 lumin
1220 2633 1338 2684 cunrells

244 2715 371 2778 Exquiliis
382 2715 502 2780 subjecta
509 2722 600 2766 eontra
607 2717 764 2780 Palatinum,
776 2726 831 2767 tum
843 2731 944 2782 quoque
956 2719 984 2767 iu
995 2733 1036 2776 ea,
1047 2731 1103 2783 quer
1113 2717 1183 2766 iuter
1193 2715 1339 2766 Polaticum

242 2801 271 2844 et
291 2795 397 2846 Coelium
408 2797 492 2860 jacet,
510 2803 538 2847 et
548 2797 582 2847 ad
593 2799 697 2848 Cirenrn
709 2813 778 2847 max.
796 2799 862 2861 exit,
878 2799 1009 2861 patuisse:
1021 2798 1090 2849 unde
1105 2795 1206 2848 funilius
1221 2795 1338 2859 intelligo

243 2876 343 2926 Livium
359 2877 599 2943 scribentem,qnod
614 2881 742 2930 ‘Recens
758 2886 834 2944 portu
850 2880 955 2942 Capena
971 2893 1028 2928 euru
1040 2877 1157 2928 exercitu
1176 2877 1283 2926 Romum
1300 2875 1337 2923 lu-

241 2969 352 3019 preseus,
369 2957 454 3005 media
465 2959 536 3004 Urbe
548 2972 595 3017 per
606 2961 715 3004 Carinas
725 2959 859 3020 Esquilias
871 2958 1027 3020 coutendit,'
1038 2971 1118 3008 xxvi.
1131 2960 1172 3006 lo.

274 3034 486 3098 AEdi..-tu..]
504 3034 589 3084 Dubia
605 3034 646 3084 hle
664 3041 724 3084 snut
743 3036 827 3099 plura.
861 3036 953 3084 Statim
972 3039 1034 3099 quid
1052 3038 1115 3083 diras
1135 3037 1230 3097 primas
1247 3036 1337 3085 literas

242 3115 291 3166 Ab:
299 3121 431 3181 sequetur,
444 3130 494 3166 uon
507 3117 583 3179 plane
595 3122 693 3165 serlum
706 3122 755 3179 est,
766 3123 793 3166 et
803 3115 964 3177 dubitabam,
976 3127 1009 3163 an
1027 3112 1164 3176 legendum
1175 3118 1244 3164 asset
1256 3113 1337 3164 AER.

242 3197 274 3246 P.
287 3197 335 3246 boo
347 3203 398 3259 est,
407 3211 459 3247 ore
475 3196 589 3262 publico.
622 3195 763 3246 Tentabanr
775 3197 852 3246 etiam
866 3195 1004 3247 AEQVE:
1022 3195 1125 3244 tandem
1137 3195 1262 3258 seriptum
1274 3195 1338 3244 diri·

241 3279 301 3326 naui
317 3275 415 3338 Alam,
433 3277 655 3341 supplendumque
673 3275 820 3338 tumultun,
830 3277 847 3326 i.
858 3291 881 3326 e.
895 3276 939 3340 qui
949 3275 982 3326 sd
992 3274 1088 3326 AEdiles
1102 3281 1234 3325 curatores
1246 3276 1338 3326 solem·

242 3358 312 3406 nium
333 3358 450 3407 ludorum
473 3356 647 3421 pertinebunt.
680 3357 774 3407 Potuit
797 3364 883 3407 lamen
904 3357 981 3408 etiam
1003 3356 1133 3420 sculptum
1154 3369 1213 3407 esse
1233 3355 1336 3406 unul-

161 3431 168 3442 “
240 3438 375 3495 TvANn,
386 3439 411 3486 ir.
421 3453 445 3488 e.
457 3439 483 3487 in
495 3446 637 3504 conspeetu
649 3438 713 3488 redis
723 3446 838 3489 manent.

274 3519 309 3567 Et
327 3520 651 3583 boiemiae-pronas]
676 3521 777 3570 Horum
799 3519 992 3570 Consualiorunr
1014 3517 1202 3568 solemnitatem
1225 3518 1336 3582 augebat

200 3663 203 3671 Ι
239 3599 358 3663 qnoQVE
375 3600 570 3659 lectisternium,
588 3613 689 3649 sacrum
707 3600 764 3649 seii.
783 3599 928 3648 convivium
943 3613 977 3648 ex
996 3598 1108 3649 victimis
1123 3598 1259 3649 immolatis
1277 3599 1335 3648 Deo

241 3679 327 3729 Conso
343 3694 422 3744 super
432 3681 544 3730 instrato
558 3679 732 3742 puluinaribus
747 3680 815 3730 lecto
825 3680 982 3742 appositum,
993 3686 1109 3737 curante,
1121 3679 1165 3743 qui
1176 3687 1184 3711 ⁶
1197 3678 1253 3728 ilex
1265 3691 1335 3727 man-

240 3773 302 3823 ceps
310 3775 432 3824 equorum
441 3761 449 3782 ’
459 3760 557 3810 electus
567 3766 646 3810 esset.
679 3759 758 3810 Haud
767 3757 954 3810 occurrit'ulius
965 3759 1085 3824 scriptor,
1094 3759 1163 3823 apud
1175 3773 1249 3823 quern
1260 3765 1268 3787 ⁴
1282 3757 1334 3808 Re·

240 3839 279 3904 gis
289 3841 414 3904 mancipis
426 3839 569 3904 equornm'
580 3841 676 3890 mentio
687 3841 751 3902 liul3
769 3841 896 3891 Asconius
909 3841 1032 3890 tamenin
1045 3840 1099 3890 Cic.
1112 3839 1227 3902 Philipp.
1258 3839 1267 3867 ⁴
1281 3837 1334 3886 Au-

240 3919 346 3984 louiur,'
366 3921 475 3984 iuquit,‘
495 3919 643 3984 redemptas
660 3921 772 3971 babebat
792 3922 825 3971 sb
844 3922 936 3971 erario
952 3918 1332 3984 vectigalesqnadrigrs,qnam

240 4000 444 4066 redemptionem
464 4001 586 4051 Senatori
604 4002 700 4052 habere
715 4002 788 4051 licat*
800 4011 848 4066 per
867 4001 969 4065 legem?
992 4002 1095 4066 *itaque
1113 4000 1182 4048 iuter
1201 3997 1333 4056 decumae,

241 4095 304 4146 quus
312 4083 344 4130 P.
357 4082 390 4132 R.
399 4097 417 4130 a
426 4081 501 4132 suciis
512 4089 540 4130 et
555 4082 703 4132 civitatibus
714 4081 845 4145 exigebat,
856 4088 931 4132 eruut
948 4081 1027 4132 etiam
1039 4079 1177 4141 vectigales
1189 4075 1333 4142 quadriga,

241 4161 330 4227 quibus
348 4163 414 4212 forte
434 4163 577 4212 utebantur
594 4162 620 4212 in
639 4162 706 4212 ludis
725 4162 904 4224 Circensibns;
921 4169 949 4213 et
969 4161 1098 4226 qnoniam,
1116 4159 1206 4208 eodem
1219 4155 1332 4207 Asconio

241 4242 361 4309 doeeule,
380 4245 563 4310 cujuscumque
582 4243 685 4309 geuerir
704 4243 861 4295 deeimarum
877 4243 1018 4307 mancipes,
1038 4239 1119 4290 veluti
1139 4237 1332 4303 publicanorum
