3236 4902
296 713 663 814 FuszuM
712 707 1323 804 PRAENESTINORUM

659 945 947 1034 numourffi

471 1155 730 1224 contutum
750 1158 812 1224 ΕΤ
833 1155 1148 1222 ruuusunu'rm

803 1353 828 1402 A

394 1521 440 1595 R
501 1475 761 1594 FRANQ
830 1513 1228 1592 Fouc1nlo

527 1850 581 1914 [Ex
593 1849 712 1898 Editiouo
724 1849 858 1906 Wolfiuue,
869 1849 1023 1912 lips-1802.
1034 1847 1106 1910 Suo]

272 2127 347 2201 Con
363 2153 443 2200 remei
459 2149 492 2198 ed
509 2149 661 2199 Suetonium
678 2146 857 2198 iilustreudurn
875 2145 907 2194 eb
926 2145 1075 2198 Editoribue
1094 2154 1216 2211 congestu
1234 2148 1269 2198 rit
1285 2149 1361 2212 oopie

271 2244 431 2280 uurnrnoruru
443 2236 470 2278 et
482 2229 693 2292 luroriptiouum,
706 2227 749 2276 hio
757 2227 829 2275 iocue
841 2226 915 2276 nobie
927 2226 1066 2276 admodum
1077 2226 1182 2277 idoneue
1193 2229 1262 2278 vitoe
1274 2237 1323 2290 eet,
1333 2227 1360 2275 iu

274 2323 326 2372 quo
337 2307 482 2372 fragmento
494 2322 576 2372 nuper
586 2306 679 2356 effoeto
696 2305 831 2354 Fastorum
852 2306 1074 2356 Praeueetiuorum
1093 2321 1126 2357 ex
1147 2307 1265 2372 Fogginii
1284 2308 1317 2356 V.
1330 2307 1361 2356 c.

272 2387 387 2438 editione
399 2395 584 2451 repeterentur,
594 2397 621 2436 et
633 2387 670 2434 ite
681 2386 768 2435 Verrii
780 2386 876 2447 Flacci,
885 2385 959 2449 cujus
971 2385 1088 2436 notitiem
1099 2375 1238 2438 Suetonius
1256 2386 1360 2436 exhibet

273 2465 306 2515 de
325 2467 362 2516 ili.
373 2466 530 2517 Gremmett·
547 2481 573 2516 c.
588 2470 628 2516 17.
645 2467 839 2514 intermortuam
857 2465 1004 2514 memorium
1022 2479 1208 2516 renureremue.
1240 2467 1361 2518 Dioemne

272 2552 357 2596 eutem
368 2547 478 2609 primunr
486 2545 519 2595 cie
530 2545 679 2594 inventione
691 2545 896 2607 praertentierimi
906 2547 1071 2606 mouumenti,
1083 2552 1136 2595 tum
1144 2546 1178 2596 de
1188 2560 1276 2610 opere,
1286 2561 1362 2611 quem

273 2627 298 2676 iu
309 2641 340 2676 eo
353 2625 507 2690 pubiicundo
520 2626 623 2690 egregie
642 2627 748 2675 neverit
762 2627 845 2676 Iteiun
863 2625 964 2682 Editor,
984 2627 1077 2690 purtim
1088 2627 1161 2690 huju·
1172 2626 1250 2690 ipriur
1270 2628 1364 2702 verbio,

274 2707 369 2771 purtim
381 2704 437 2754 Viri
450 2704 554 2761 erudiri,
565 2704 608 2769 qui
620 2718 752 2754 censorem
770 2705 829 2754 iibri
841 2705 894 2768 ogit
905 2705 931 2754 iu
942 2705 1066 2756 Biblioth.
1083 2707 1140 2756 crit.
1160 2704 1243 2758 Amet.
1262 2708 1320 2756 Voi.
1330 2721 1362 2757 rr.

273 2788 308 2838 P.
319 2791 344 2836 Β.
378 2785 511 2835 Aodcmue
521 2785 615 2836 deiude
626 2785 689 2849 ipris
701 2786 806 2850 tubulis,
815 2786 848 2835 ed
858 2785 972 2850 tapidum
984 2800 1097 2835 nurmem
1111 2786 1250 2850 diiigenter
1258 2801 1363 2852 expret-

275 2869 319 2931 εἰς,
330 2867 576 2918 Animedreruiouee
587 2881 620 2916 ex
633 2865 751 2930 Foggiuii
762 2866 954 2915 commentariis
966 2865 1114 2930 decerptae,
1127 2865 1166 2915 lte
1172 2875 1202 2916 nt
1209 2881 1289 2931 prope
1299 2868 1363 2917 nihii

275 2949 311 2998 eit
322 2948 452 3008 unierunt,
463 2945 531 3010 quod
543 2947 637 3010 operit,
656 2947 681 2994 in
694 2945 787 2994 uoetrin
800 2944 947 3008 regionibur
966 2945 1077 3008 reriorir,
1094 2945 1249 2997 deeiderium
1261 2962 1364 2997 morere

275 3028 367 3094 poerit,
380 3034 477 3092 pretor
489 3027 577 3077 Fertor
588 3026 745 3088 singulorum
758 3025 883 3074 mentium
895 3039 928 3074 ex
940 3025 1045 3090 reliquie
1055 3025 1179 3075 hecteuur
1190 3027 1298 3091 repertio
1311 3027 1363 3077 Ku-

274 3109 398 3160 ieudnriie
408 3109 434 3158 iu
446 3106 601 3170 Appendioe
613 3106 722 3170 quedem
735 3111 892 3167 exproreoe.⁸

308 3189 331 3238 N
335 3187 501 3237 obilierirnum
514 3185 726 3242 Grammaticum,
737 3197 813 3247 quem
826 3183 927 3246 integro
936 3183 1039 3233 nornine
1055 3185 1228 3249 Hieronymue
1237 3187 1364 3237 inchrou.

276 3269 308 3319 ud
321 3283 343 3318 u.
355 3269 429 3315 2024.
450 3266 510 3315 Cirr.
520 3270 545 3314 9.
558 3273 634 3314 vocet
647 3266 684 3313 Μ.
701 3264 811 3313 Verrium
823 3263 940 3323 Flaccum,
951 3278 983 3312 ex
1001 3265 1128 3315 suetonio
1142 3267 1301 3329 innotuerat,
1313 3278 1364 3319 ete·

275 3345 475 3396 tuemhebuioee
492 3345 652 3406 ‘Pronum
668 3344 696 3392 iu
714 3342 836 3394 inforiore
855 3345 916 3393 Furi
936 3350 1011 3408 purte
1030 3354 1121 3396 contre
1139 3347 1319 3414 hemicyclum,
1338 3350 1364 3399 iu

276 3439 327 3491 quo
338 3425 430 3474 Fertor
442 3439 457 3473 u
468 3437 495 3472 ro
506 3423 638 3472 ordinator
650 3430 678 3474 et
690 3425 810 3474 marmori
822 3423 916 3474 inoieoe
926 3425 1089 3488 publicaret!
1110 3426 1148 3477 At
1160 3427 1260 3478 ietebet
1271 3435 1366 3490 ututur,

275 3506 395 3556 tutobeut
412 3504 462 3567 ipei
483 3503 563 3555 Furti.
598 3505 666 3554 Ecce
685 3519 756 3566 vcro,
777 3512 945 3570 porteoqoem
963 3505 1050 3556 Romre
1069 3505 1250 3558 intercedere
1271 3511 1367 3560 veterio

277 3587 337 3637 Fori
348 3591 460 3649 repertun
471 3591 546 3634 eruut
557 3597 706 3636 murmuret
717 3585 771 3635 itte
779 3585 898 3650 renate,
914 3600 971 3650 qun
987 3585 1077 3637 Fertor
1089 3587 1175 3639 uiriles
1183 3589 1273 3654 populi
1291 3591 1365 3640 Rom·

310 3791 431 3855 ⁸0perir
452 3792 542 3842 titulun
560 3792 601 3842 irio
619 3800 676 3843 eet:
694 3791 801 3843 ‘liuto-
841 3797 929 3842 mente
950 3792 1043 3854 omniu,
1058 3807 1116 3858 que
1132 3798 1231 3857 extent,
1246 3805 1278 3843 uo
1293 3793 1366 3846 Furti

277 3883 333 3918 rum
343 3869 402 3920 enni
415 3868 523 3917 Romuui
539 3883 554 3916 e
571 3868 682 3918 Vuunro
693 3869 802 3918 Futooo
843 3868 950 3918 Romeui
962 3868 1118 3932 etogrrtomm
1130 3870 1254 3919 meneium
1264 3883 1297 3920 ex
1307 3869 1367 3920 hec-

277 3945 452 3997 ordiuetorum
462 3943 586 4006 reliquie,
604 3957 637 3992 ex
651 3956 803 3992 murmoroe·
842 3949 918 3994 tenne
929 3945 1039 4008 repertio
1048 3943 1211 3996 Kelenderiie
1219 3946 1367 3998 marmoreis

277 4035 333 4071 rum
345 4020 488 4071 tubrriemm
499 4017 660 4080 troganum,
667 4017 803 4068 Praeuerte
841 4019 909 4069 iuter
920 4033 947 4068 ee
956 4019 1056 4070 ooitetie
1067 4021 1195 4085 expromi,
1206 4037 1268 4074 cure
1279 4030 1307 4074 et
1314 4029 1367 4074 eto·

278 4112 362 4161 nuper
373 4095 484 4158 efforuit,
495 4094 644 4144 ooiloctnet
657 4092 802 4143 itluutrutm.
843 4092 885 4142 dio
902 4094 935 4143 Ρ.
948 4093 976 4144 F.
994 4092 1032 4144 tt'
1048 4094 1136 4146 &tue
1155 4109 1178 4146 e.
1195 4098 1242 4148 eei.
1261 4101 1332 4148 mii.
1349 4097 1368 4151 i.

278 4169 599 4223 Acceduntventtrtecct
608 4167 724 4234 Operum
733 4168 802 4233 freg-
843 4181 912 4219 mex.
