3166 4904
305 367 390 432 1130
670 381 761 430 auur
788 380 912 429 ranan
938 381 1040 433 vrrs.

305 523 387 587 Erat
402 530 473 586 tum
488 522 521 585 iu
537 521 666 586 deliciis
681 523 766 587 aulea
781 523 900 588 histrio
910 532 943 588 :⁷
967 524 1127 608 multique
1143 525 1308 592 fautorum
1321 530 1397 612 ejus

305 623 455 709 quotidie
481 623 755 705 provehebantur.
800 623 902 692 Venit
926 645 1003 707 ergo
1026 625 1203 690 iuvenalis
1222 631 1257 692 iu
1281 631 1397 710 suspi-

304 725 443 802 cionem,
468 725 567 806 quasi
583 725 753 806 tempora⁸
776 725 916 808 figurate
937 735 1108 790 notasset:
1132 745 1173 791 ac
1196 729 1310 795 statim
1336 749 1396 810 per

303 825 461 889 honorem
488 825 640 900 militiee‚⁹
663 845 854 908 quanquam
871 829 1116 909 octogenarius,
1134 828 1226 892 Urbe
1249 849 1396 900 summo·

304 935 370 1001 tus,
380 927 568 1008 missusque
578 927 620 990 ad
633 929 867 1010 praesecturam
882 928 1042 1006 cohortis,
1053 930 1085 992 in
1097 935 1245 992 extrema
1254 931 1395 1013 AEgypti

304 1034 398 1110 parte
423 1027 597 1092 tendentis.
642 1027 683 1092 ld
700 1028 860 1113 supplicii
883 1048 985 1110 genus
998 1028 1135 1111 placuit,
1150 1036 1190 1093 ut
1203 1030 1271 1092 lovi
1290 1037 1395 1112 atque

299 1127 441 1208 joculari
457 1127 574 1191 dilioto
588 1147 649 1210 par
662 1135 762 1192 esset.
807 1128 931 1193 Verum
955 1129 1042 1193 iutra
1056 1129 1286 1195 brevissimum
1311 1137 1394 1195 tem·

302 1248 365 1310 pus
380 1247 500 1310 angore
515 1235 549 1292 et
564 1229 669 1292 taedio
685 1230 784 1313 periit

757 1425 890 1445 neuun
894 1426 906 1444 Ι
910 1426 921 1445 Ι
925 1427 938 1444 Ι

303 1539 398 1586 verena
410 1543 469 1586 snut
482 1549 512 1586 ex
524 1537 578 1585 Set.
588 1543 733 1588 ernau-t
747 1539 856 1589 Historia
866 1540 934 1588 Veli.
963 1538 1014 1588 Atii
1026 1539 1067 1588 iric
1079 1540 1175 1588 addunt
1188 1541 1274 1603 piures
1287 1556 1393 1596 versus:

301 1601 348 1651 sed
360 1601 468 1662 vulgatis
476 1603 638 1650 consentiunt
653 1603 753 1652 Probus
762 1605 829 1652 Vati.
841 1613 868 1652 et
881 1605 1072 1667 antiquissimus
1085 1603 1157 1652 Voss.
1167 1603 1208 1654 Cf.
1217 1604 1286 1654 Ond.
1298 1607 1331 1655 ed
1342 1609 1366 1656 h.
1376 1611 1393 1661 Ι.

302 1669 351 1714 --8
368 1665 500 1714 &euntia
512 1663 611 1714 eddidit
623 1665 708 1716 Henn.
721 1681 735 1716 e
751 1669 814 1716 Cod.
827 1669 901 1716 Voss.
933 1668 983 1716 Sed
994 1668 1090 1730 optimo
1102 1668 1185 1717 deest.
1216 1667 1296 1718 Dedit
1306 1671 1393 1734 figura

248 1739 252 1750 ⁴
302 1728 434 1778 Vulteive
450 1742 491 1791 per
542 1735 666 1778 urum-9
683 1731 830 1781 Meat'oer.
847 1732 971 1781 miiitiotoe.
1006 1731 1067 1780 Mox
1090 1732 1115 1779 in
1137 1739 1190 1794 opt.
1209 1732 1329 1783 abactae
1347 1743 1393 1787 ert.

301 1794 364 1842 item
381 1806 439 1841 cunr
453 1793 626 1842 Vai.inextr.
645 1795 702 1855 ὣς.
722 1801 822 1858 purtem.
858 1797 935 1858 Vutg.
950 1801 1019 1858 porte
1030 1797 1093 1844 tend.
1105 1797 1162 1854 ὥς.
1199 1795 1285 1845 Grau.
1303 1800 1394 1850 maliet

301 1858 426 1906 minusad
441 1870 479 1918 pr.
497 1857 549 1906 coi.
565 1859 628 1906 tend.
643 1857 669 1906 in
679 1864 728 1908 ext.
746 1874 770 1921 p.
782 1861 840 1921 AEg.
867 1859 988 1920 ‘Cetera
1007 1873 1065 1923 quie
1085 1860 1163 1920 rotgo
1182 1867 1241 1922 poet
1252 1861 1316 1911 intra
1326 1862 1392 1913 tren.

212 1913 218 1964 '.
301 1927 371 1982 temp.
383 1919 520 1982 adduntur,
539 1929 598 1971 eunt
611 1923 707 1987 spuria,
719 1931 747 1972 et
758 1937 792 1973 ex
806 1924 857 1973 alio
867 1924 926 1974 vitre
937 1922 1056 1974 surim·
1069 1923 1278 1974 consarcinatore
1289 1926 1315 1976 iu
1328 1925 1394 1979 cod.

302 1983 378 2034 Voss.
391 1985 473 2035 attero
485 1999 532 2048 per
543 1985 702 2064 Henniuinm
713 1989 756 2038 hic
768 1985 899 2038 admixta!
918 1989 982 2036 oud.

717 2227 989 2238 ———

585 2459 790 2533 Aunr
870 2458 1177 2534 Psnsrr

747 2628 933 2704 runi.¹

296 2810 444 2900 Aenus
468 2833 636 2897 Pansrus
662 2829 835 2894 Funoous
857 2834 1018 2894 natusest
1033 2829 1140 2913 pridie
1156 2827 1295 2894 Nonas¹
1319 2827 1389 2892 De-

299 2935 453 3014 cembris,
476 2933 584 2998 Fabio
599 2932 750 3012 Persico,
771 2932 812 2995 L.
825 2930 977 3009 Vitellio,
1000 2929 1212 2996 Consulibus.
1260 2928 1388 3012 Deces-

297 3036 340 3100 sit
369 3042 521 3102 octavum
551 3033 725 3100 Kalendas
753 3033 914 3097 Decemb.
938 3031 1083 3096 Publio¹
1114 3029 1239 3109 Mario,
1265 3014 1387 3094 Asinio

297 3135 399 3201 Gallo
422 3135 631 3201 Consulibus.
675 3133 817 3196 Natus4
838 3133 871 3196 in
895 3130 1029 3196 Etruria
1046 3131 1248 3212 volaterris,
1272 3130 1387 3215 Eques

296 3236 482 3313 Romanus,
496 3233 654 3314 sanguine
666 3239 699 3297 et
713 3231 870 3297 affinitate
885 3232 984 3316 primi
996 3232 1121 3299 ordinis
1131 3233 1212 3298 viris
1226 3231 1384 3316 conjunc·

296 3343 359 3410 tus,
375 3335 517 3398 decessit
531 3334 573 3397 ad
599 3341 754 3399 octavum
778 3334 969 3400 milliarium
990 3335 1047 3399 ria
1073 3335 1187 3418 Appia
1201 3337 1232 3398 in
1248 3331 1386 3417 praediis

178 3435 182 3442 '
295 3435 376 3499 suis.
420 3432 524 3499 Pater
538 3434 610 3517 ejus
635 3435 781 3499 Flaccus
802 3434 970 3518 pupiilum
989 3436 1124 3518 reliquit
1147 3436 1302 3509 moriens,
1326 3449 1387 3495 an·

294 3553 409 3599 norum
433 3537 502 3599 fere
528 3555 600 3599 sex.
646 3535 765 3603 Fulvia
787 3535 962 3602 Sisennia⁵
992 3541 1097 3601 mater
1121 3537 1239 3619 nupsit
1264 3539 1386 3618 postea

325 3869 339 3913 l
356 3864 388 3913 In
400 3867 497 3912 vetunt.
508 3861 618 3911 membb.
628 3861 653 3910 in
665 3861 733 3911 Bibl.
745 3861 818 3912 Laid.
828 3862 945 3920 servetis,
955 3867 1021 3912 teste
1031 3859 1101 3913 Oud.
1113 3861 1166 3912 trec
1175 3859 1308 3922 inscriptio
1317 3873 1382 3922 prae·

292 3928 398 3992 figitur:
415 3925 521 3976 ΛΡΜ
538 3925 620 3975 Ftueei
637 3926 699 3988 vito,
716 3927 746 3976 de
765 3927 938 3977 Commentario
950 3926 1025 3975 Probi
1040 3926 1130 3975 Vuierii
1146 3925 1187 3974 vei
1202 3924 1293 3974 Valerii
1308 3923 1384 3973 Probi

292 3993 443 4044 utura-a
458 3989 678 4040 Voss-Naurum.
711 3990 781 4038 Dein
796 3991 851 4040 Vite
873 3991 878 4004 '
950 3989 1022 4040 Laid.
1042 3997 1159 4052 uterque.
1184 3989 1216 4040 F.
1228 3989 1312 4037 Prisco
1329 3987 1382 4036 Me.

291 4057 402 4106 vin-⁸
412 4055 498 4117 Vulgo
506 4059 563 4104 eret
572 4053 671 4102 nario.
680 4052 874 4119 coenoque
969 4086 976 4104 .
1008 4055 1160 4104 correctum
1172 4067 1187 4101 ι
1198 4053 1268 4116 Lipe.
1276 4052 1309 4102 ud
1321 4051 1383 4101 tue.

293 4118 362 4170 Anu.
375 4135 434 4171 xrv.
445 4123 486 4170 48.
497 4126 526 4170 et
534 4117 602 4179 diis,
610 4131 675 4182 quor
684 4119 767 4168 socrui
779 4119 849 4171 oud.
862 4121 924 4170 Ero.
932 4118 992 4182 Bip.
1001 4117 1130 4168 weit-t
1140 4117 1218 4168 Natu
1227 4123 1263 4168 ert
1274 4116 1347 4166 Voss.
1355 4120 1385 4164 et

293 4184 556 4246 asscensorem-u
564 4181 787 4234 uolutauit.
796 4183 906 4236 δίκην.
913 4183 1038 4248 Bouqm.
1050 4180 1169 4234 Suioniu.
1182 4182 1252 4234 iiiuc
1260 4179 1381 4234 Bouhier.
