3236 4902
335 413 421 481 1186
533 503 541 512 ⁸
633 431 1131 482 nnsannonruonnnur.rn

335 569 413 619 turbu
424 573 483 618 ante
494 569 558 622 tulit
572 569 681 619 Creraris
697 583 832 620 recentum
844 577 871 621 et
882 572 1078 635 ordinationem,
1090 572 1134 638 qui
1146 571 1178 621 ad
1189 577 1293 622 centum
1304 573 1430 638 qninqua-

334 649 408 710 ginta
426 649 505 697 milliu
523 663 580 697 eum
597 650 708 713 redegit,
723 656 753 700 ut
769 658 858 700 narrat
873 651 946 702 Suet.
963 652 1008 702 lib.
1019 645 1042 703 ιζ
1056 665 1080 702 ο.
1091 655 1132 703 tl.
1166 651 1307 716 Augurino,
1323 660 1352 701 nt
1369 667 1430 702 mox

334 728 461 790 requitur,
479 735 508 777 et
524 728 574 776 Dio
595 735 716 786 testatur,
731 729 761 776 ri
778 729 970 791 σιτοδοτούμενον
986 732 1077 788 πλῆθος
1091 730 1125 780 eir
1139 731 1214 780 εἴκοσι
1234 730 1344 793 μυριάδας
1360 731 1431 780 κοτέ-

334 815 425 855 κλειοε.
458 807 555 857 Verum
566 807 599 856 ud
610 809 768 872 congiarium
781 811 957 873 recipiendum
969 824 1045 875 qnam
1057 811 1088 859 ad
1102 809 1328 861 frumentationem
1338 812 1431 875 major,

334 886 373 935 utl
385 885 495 943 ridetur,
508 901 629 937 numeror
641 887 834 938 admittebatur.
868 891 989 940 Fortasse
1002 897 1087 940 tamen
1104 891 1182 941 etiam
1193 891 1349 941 Frumentum
1362 892 1431 941 anei·

333 967 461 1031 pientiam
473 974 532 1017 ante
545 968 653 1030 Augusti
668 968 880 1019 conutitutiunem
901 970 944 1020 hie
966 983 1086 1020 numerus
1104 969 1166 1034 init,
1186 981 1277 1036 ertone
1296 971 1345 1020 lton
1363 971 1429 1020 illud

333 1049 424 1106 πλῆθος
440 1046 556 1110 diuturne,
568 1048 636 1112 qnod
649 1053 725 1097 vocet
736 1049 788 1097 Dio
798 1048 845 1098 lib.
854 1062 898 1097 nv.

366 1131 406 1176 16.
423 1128 561 1188 Surgeret
574 1141 703 1190 texugertor
717 1128 825 1178 dererioe
839 1128 933 1178 uiritim
943 1127 1021 1191 dedit]
1035 1129 1108 1179 Tollo
1119 1129 1227 1179 alterum
1239 1143 1376 1192 remgeuor,
1386 1130 1430 1179 rel
1465 1167 1466 1170 ,

333 1205 376 1255 lue
387 1215 653 1270 augmentationem
663 1212 777 1270 replemur.
811 1207 988 1259 mecludutus
1006 1209 1166 1272 congiarium
1183 1207 1257 1260 dedit
1270 1210 1321 1258 uuir
1337 1211 1430 1258 omnio·

332 1285 452 1346 renuimus
461 1288 580 1337 denarior
589 1296 761 1350 septuagenos
773 1290 874 1352 quium.
909 1288 962 1338 Dio
972 1288 1017 1338 llb.
1027 1301 1106 1338 tunt.

365 1372 406 1416 17.
425 1369 458 1416 iit
470 1367 548 1430 quirin
560 1367 664 1416 militum
679 1381 782 1417 meorum
794 1369 882 1416 cmm
891 1367 1022 1430 ordeolum]
1038 1367 1168 1431 intelligit
1182 1367 1342 1431 donativum,
1358 1368 1430 1433 quod

333 1446 405 1495 dedlt
422 1454 481 1508 port
497 1447 554 1494 lllor
570 1453 622 1496 tren
639 1447 793 1509 triumphus,
807 1460 870 1511 quoa
887 1447 942 1510 egit
958 1459 1027 1496 nunu
1038 1447 1073 1497 ll.
1085 1447 1116 1497 C.
1127 1457 1251 1496 ncuxxv.
1283 1448 1342 1496 Vox
1352 1449 1432 1511 guioic

332 1525 387 1574 eine
406 1524 485 1574 dubio
503 1534 626 1589 corrupta
645 1539 678 1572 ex
694 1539 799 1575 numero
818 1525 938 1586 militum.
956 1525 1000 1589 qni
1016 1524 1174 1588 congiarium
1192 1533 1366 1590 eccepemnt=
1384 1527 1431 1591 qul

332 1618 390 1653 uum
400 1616 539 1667 exurerent
551 1617 601 1654 uon
613 1603 648 1654 eit
664 1603 696 1652 ub
706 1601 845 1667 historicis,
858 1605 919 1666 Jnre
936 1609 1037 1653 tentum
1056 1603 1194 1654 arbitrario
1212 1605 1337 1654 conutitui
1352 1605 1430 1668 hujus

330 1682 381 1732 loci
392 1684 472 1734 lentio
482 1690 577 1748 potent.
608 1686 679 1749 lego
690 1692 786 1747 rutum,
802 1685 835 1733 Et
847 1685 975 1747 quinqueg-
984 1683 1044 1732 mill.
1055 1683 1159 1733 militum
1169 1697 1280 1733 meorum.

365 1767 404 1812 tn.
421 1765 452 1813 ln
473 1765 574 1814 coloniae
594 1764 713 1814 dominum
733 1765 830 1814 circiter
850 1770 944 1814 emtum
963 1769 987 1812 et
1008 1763 1099 1824 uiginti
1115 1763 1204 1826 milliu]
1221 1764 1431 1815 lleertrerbum.

332 1838 425 1893 Surib'o
436 1845 585 1894 militemini.
618 1845 687 1896 Vide
698 1859 776 1910 rupta
788 1849 862 1896 nid.
898 1845 959 1894 Nun
972 1843 1052 1893 aulum
1063 1849 1150 1894 autem
1161 1857 1294 1894 numerum
1305 1843 1432 1895 deductu·

331 1929 388 1970 tum
404 1925 559 1972 coloniarum
578 1927 751 1970 annotabam:
770 1925 815 1968 ned
832 1925 910 1974 ctiam
927 1924 1029 1982 civium,
1047 1924 1091 1988 qul
1108 1923 1134 1974 id
1149 1922 1303 1973 beneficium
1319 1937 1431 1988 accepe-

331 2005 398 2049 ruut.
430 1999 474 2050 Sic
484 2000 510 2048 lu
521 1999 592 2051 Juilo
601 1999 749 2060 suetudine,
768 1997 898 2058 Octoginta
907 2001 994 2053 civim
1004 2005 1108 2051 mittum
1118 2005 1145 2048 ta
1152 2003 1406 2053 mnaimdimritetie.

363 2084 404 2130 tu.
421 2079 510 2129 Consul
524 2079 756 2144 tertiumdecimum]
772 2079 811 2128 lio
828 2092 895 2128 auno
910 2077 1017 2127 Lucium
1028 2077 1110 2127 tilium
1126 2077 1153 2128 iu
1169 2076 1255 2129 iurum
1266 2081 1385 2140 deduxit.
1401 2087 1432 2132 ut

329 2159 435 2209 biennio
446 2165 506 2210 ante
518 2161 618 2222 Caium,
627 2161 694 2210 ciunt
705 2158 782 2208 modo
793 2159 912 2208 diximua.
1421 2201 1423 2204 .

363 2243 404 2288 m.
420 2239 454 2288 la
463 2241 584 2289 cmmlutu
594 2237 750 2302 mequomo]
766 2238 878 2288 Videtur
890 2234 1054 2288 referendum
1065 2237 1097 2287 ud
1108 2237 1252 2304 ltleturiam,
1260 2253 1336 2303 quum
1346 2238 1432 2292 refert

329 2317 469 2368 Suetonio·
480 2333 504 2369 c.
517 2322 557 2367 1⁷.
568 2331 626 2368 cum
638 2316 769 2382 tinguntur
780 2315 953 2368 lirundutlum
970 2316 1059 2367 uenire
1075 2323 1184 2368 coactue
1201 2324 1252 2384 ert,
1263 2327 1292 2369 et
1303 2317 1434 2370 desideria

330 2398 441 2447 militum
451 2399 661 2447 tumultuantium
671 2397 799 2447 ordinere.
816 2425 818 2429 v

361 2480 403 2524 tt.
419 2477 504 2526 Murco
514 2482 537 2527 et
550 2479 614 2526 cneo
623 2475 736 2540 Lentulo]
750 2475 821 2527 Male
831 2475 959 2544 mulptum
969 2491 1016 2542 pru
1026 2477 1066 2528 dl.
1076 2478 1163 2528 cruere
1173 2483 1198 2529 et
1209 2479 1257 2528 Gr.
1288 2479 1348 2529 Nou
1360 2479 1430 2530 enirn

328 2553 368 2604 ite
378 2555 520 2618 tnriprartt
529 2555 672 2620 Augurini,
683 2561 713 2604 ut
724 2563 765 2606 eet
774 2570 930 2619 caprearum.
962 2557 1062 2607 liurum
1079 2558 1229 2608 cumulatur
1245 2558 1337 2610 inridit
1348 2559 1373 2608 ln
1385 2573 1431 2609 au·

327 2647 389 2684 num
407 2647 506 2686 nccxu.
537 2635 606 2686 vide
622 2635 732 2685 Dionem
751 2634 798 2686 lib.
809 2647 865 2686 utu.
897 2636 929 2685 ln
945 2636 1018 2701 cujus
1034 2635 1269 2688 rerbirolmcurum
1280 2636 1370 2688 harum
1382 2639 1431 2689 lm·

327 2725 465 2776 pennarum
483 2714 595 2778 Augusti
613 2711 770 2764 mentionem
790 2714 908 2777 reperio:
925 2714 956 2763 ὀ
966 2715 1111 2777 Αὔγουστος,
1122 2715 1307 2783 iuquit,de
1320 2716 1363 2778 μὶν
1376 2717 1432 2766 ἄη,

329 2792 410 2844 ddunt
421 2795 451 2844 ὥς
462 2793 578 2858 teimau,
590 2793 704 2843 πολλὰδὲ
715 2793 755 2843 rui
765 2795 818 2856 παρ’
829 2792 913 2856 irinum
923 2795 1006 2850 λοβὸν
1016 2795 1164 2856 ἀνεκομίσθη.

360 2877 402 2923 nt.
420 2874 524 2923 Circiter
541 2875 687 2938 mmmmm]
713 2875 798 2925 scrib.
813 2875 908 2924 circiter
922 2875 1051 2937 mungiem
1068 2877 1122 2926 illl.
1137 2877 1187 2927 hoo
1202 2882 1253 2942 ert,
1271 2879 1386 2940 mxagiaa
1402 2884 1430 2927 et

326 2955 408 3002 eemel
423 2959 527 3003 centnm
544 2955 667 3004 millibue.
701 2953 834 3017 nemim
850 2969 897 3019 pru
912 2957 1040 3022 rexrgiea,
1051 2969 1084 3007 ee
1093 2957 1279 3008 eournetudlne
1290 2955 1431 3018 acribeudl,

328 3046 380 3096 qne
390 3033 609 3100 murmurantem.
637 3034 707 3087 (lule
718 3041 803 3085 tamen
814 3036 857 3085 ltin
868 3050 988 3086 nnmerur
999 3037 1105 3086 vidntur
1116 3035 1184 3080 intra
1195 3037 1298 3083 modum
1310 3037 1429 3096 pecuniae

327 3125 448 3176 upenrre
465 3114 492 3162 iu
510 3115 650 3164 emtionem
668 3125 796 3176 agrorum,
813 3111 924 3158 tortusue
942 3107 1107 3158 scribendum
1125 3111 1264 3174 murtro,
1280 3116 1324 3161 tut
1338 3115 1430 3176 rmtia.

326 3191 420 3251 guttim
432 3190 456 3240 1.

340 3267 399 3314 'nn
420 3266 595 3330 ltiaerieemit]
609 3265 680 3316 Nihil
694 3264 737 3316 hic
753 3265 839 3328 rideo,
851 3264 921 3329 qnod
938 3265 970 3315 ad
988 3265 1126 3316 verborum
1144 3267 1353 3319 rectitutionam:
1370 3285 1428 3322 een·

326 3345 435 3394 tentiam
446 3343 551 3407 quidem
561 3347 624 3391 nette
634 3349 708 3391 certo
719 3344 820 3404 eccequi
838 3343 900 3390 milri
911 3342 1010 3392 videor.
1045 3345 1235 3397 Commemorat
1246 3349 1312 3398 enim
1324 3363 1399 3413 agror
1410 3366 1427 3401 a

326 3437 354 3475 re
364 3420 488 3474 militibus
499 3421 551 3472 uuir
563 3427 655 3478 emtor,
666 3419 761 3483 purtim
772 3419 805 3468 du
817 3421 975 3486 municipiic,
984 3423 1078 3485 purtim
1099 3424 1132 3474 de
1150 3419 1207 3489 ipro
1217 3440 1278 3490 nup.
1289 3427 1364 3478 lium.
1375 3431 1431 3494 qni,

326 3509 357 3556 ut
374 3505 485 3568 ridetur,
501 3517 577 3568 agroe
596 3501 715 3566 publicos
736 3500 848 3550 nundum
864 3501 961 3552 dirime
979 3503 1078 3568 uliquua
1094 3506 1192 3555 habuit.
1225 3505 1281 3556 lior
1298 3507 1429 3570 Augnrtur

326 3585 456 3634 retemnir
465 3591 493 3634 et
505 3582 652 3648 legionariis
663 3581 715 3630 mir
727 3581 824 3641 diririt,
840 3589 866 3630 et
885 3583 995 3645 pretinm
1012 3584 1113 3634 iliorum
1127 3585 1297 3648 Praetoribus,
1307 3589 1351 3651 qui
1363 3603 1429 3640 mra-

327 3663 392 3714 rlum
408 3663 631 3724 administrabunt,
647 3663 801 3713 numeravit.
832 3661 901 3724 ilne,
920 3663 947 3711 ni
963 3661 1050 3727 fellor,
1064 3663 1198 3728 Angurtur
1215 3665 1314 3717 voluit:
1331 3668 1377 3717 red
1390 3670 1427 3719 rl-

326 3742 420 3794 dentur
431 3743 526 3793 omium
537 3743 655 3809 qumdam
668 3743 755 3794 rerba.
788 3742 845 3791 Euri
856 3741 948 3792 ruitum
959 3744 1108 3807 legendum,
1120 3758 1170 3794 nou
1181 3745 1247 3794 emit.

359 3827 399 3875 25.
417 3824 530 3873 Rmmnir
538 3853 546 3872 .
554 3857 561 3873 .
569 3856 592 3873 ..
603 3822 664 3884 eru]
679 3822 797 3872 Aliorum
807 3821 947 3885 dereriptiu
959 3822 1039 3872 habet
1055 3839 1117 3887 pro,
1127 3823 1196 3887 quud
1207 3823 1293 3874 lirmat
1305 3825 1426 3876 emenda·

326 3901 422 3952 tionem
434 3903 515 3966 Liprii
525 3903 682 3952 Pentri-ibere.
709 3901 760 3952 Sed
772 3916 805 3950 en
817 3902 853 3952 lta
863 3902 966 3952 locutur
979 3901 1119 3968 tinguntur,
1133 3903 1246 3953 mair
1258 3903 1428 3956 Pectoribus?

325 3995 376 4030 non
388 3982 499 4032 ridetur·
532 3982 624 4031 Potiur
637 3982 721 4031 Romu
730 3981 864 4045 cumprime
876 3997 933 4032 enm
945 3990 1044 4047 putum.

357 4066 397 4112 tu.
416 4062 464 4117 Qu·
474 4064 623 4112 dedrmeruut
633 4063 736 4112 conetur
745 4063 860 4126 miiitunj
876 4063 915 4112 Ut
927 4064 1010 4127 Sylla,
1024 4063 1109 4114 Juliua
1121 4063 1220 4121 Gerar,
1231 4071 1259 4114 et
1275 4063 1424 4115 'l‘riumrlrl

326 4141 490 4191 Coloniarum
501 4141 647 4192 militarium
658 4141 775 4193 meminit
785 4143 900 4192 Velleius
913 4141 958 4193 lib.
971 4143 1064 4205 priore.

358 4223 398 4268 ⁸⁴·
416 4220 761 4285 me....cri‘eruriem]
778 4223 858 4286 iero,
877 4223 966 4279 thter
983 4224 1059 4274 terem
1077 4225 1199 4289 mertem,
1217 4230 1263 4276 aut
1281 4224 1420 4276 memrot.
