3168 4922
279 327 359 395 tito
620 339 727 389 noun
751 333 955 389 vauronun
975 339 1012 387 ru

275 501 323 536 uua
335 488 386 537 alia
397 489 587 548 nuncupantur.
604 483 718 534 uenatu.
875 482 996 532 Virtutem
1013 479 1093 543 mna]
1119 471 1242 529 Vinturea
1264 479 1327 529 aiiue
1349 493 1367 528 a

309 563 425 612 Ciuadiaa
441 562 548 611 Palaiai·
558 561 622 622 :pud
633 555 753 618 Mun]
771 557 803 606 Ρ.
840 559 973 610 iictoribna
984 557 1235 620 iuiaae‚argu1nentu
1247 565 1288 605 eat
1299 556 1369 606 anti·

276 636 396 687 citudina
416 636 475 685 (lua.
497 636 529 684 ad
549 637 699 697 Drepanum
710 631 802 695 fugam
840 647 892 698 qua
903 642 1070 698 utrorumque
1084 631 1164 694 origo.
1200 632 1288 682 hiatur
1299 632 1371 680 enirn

275 713 397 775 repetiit,
408 726 438 761 au
456 713 553 762 circum
571 711 644 760 iittua
658 707 803 769 adunivit,
841 707 974 771 aiigaudu,
985 709 1076 757 Viator
1088 708 1161 768 aeia,
1172 707 1242 756 nude
1254 718 1371 756 arcem·

277 787 384 850 triginta
395 786 512 850 navibna,
523 783 804 851 qunahabebutpruai·
841 783 914 843 bant,
931 791 971 833 eat
991 782 1145 845 appeliatua.
1178 782 1264 831 'l'eetia
1282 787 1323 830 eat
1340 781 1369 828 in

276 875 338 916 tuae,
357 861 512 911 connitatur:
531 867 641 910 uanteraa
659 858 692 908 ad
705 867 758 908 trea
776 865 804 908 et
842 857 940 907 Catone
952 857 1059 906 Cicero:
1077 857 1117 906 ‘E
1133 857 1174 905 via
1193 855 1369 906 aduenarum

278 937 497 998 annuntiaturum
509 933 699 998 omuibuai'ere,
712 934 755 999 qui
766 935 804 982 iu·
842 931 1042 984 coemebantur
1058 931 1161 994 Curius,
1173 939 1201 980 et
1221 931 1312 981 ceteri
1328 945 1371 980 ae·

277 1017 319 1059 tua
332 1019 416 1074 erant,
430 1017 557 1074 ceperunt
568 1010 654 1060 Poeui·
684 1009 805 1059 Publium
842 1021 898 1072 nea,
906 1021 939 1056 ex
949 1022 1009 1071 quo,
1020 1007 1064 1070 qni
1075 1005 1306 1070 euaneceraebnnt,
1315 1005 1371 1053 ria·

277 1085 401 1149 deineepa
421 1085 566 1137 maledictu
579 1087 689 1138 Romani
708 1086 805 1134 ineera-
843 1091 913 1133 turea
923 1083 1048 1133 nominati
1060 1081 1140 1132 aunt!
1151 1083 1212 1132 itetu
1223 1081 1310 1131 Livina
1321 1079 1369 1130 iib.

278 1169 348 1220 runt,
390 1161 608 1226 vehementerque
645 1161 805 1221 incusarunt,
844 1170 928 1207 xxtu.
960 1158 1076 1208 ‘Cuuaui
1093 1157 1218 1206 viatorem
1238 1156 1370 1219 mirit,qui

278 1233 347 1298 qnod
369 1235 518 1285 temeritate
540 1249 585 1284 aua
604 1241 683 1299 atque
709 1235 805 1298 impru·
843 1234 913 1296 patri
927 1234 1074 1289 nunciaret,
1087 1229 1370 1282 utaineiicturibuaad

278 1310 368 1360 dantia
378 1310 445 1359 maie
462 1324 517 1360 ren
529 1310 661 1374 gestirent,
672 1316 710 1371 et,
727 1323 806 1372 quau·
844 1308 981 1358 &nauium
998 1307 1118 1358 reniret?
1149 1308 1190 1356 Ex
1208 1307 1302 1370 quibua
1323 1321 1371 1370 ap·

279 1391 334 1434 turn
353 1385 380 1432 iu
398 1385 454 1448 ipao
474 1382 571 1446 fuerat,
591 1383 689 1446 magnit
715 1383 806 1446 Remp.
845 1389 929 1448 paret,
940 1381 1081 1431 viatoribua
1092 1395 1211 1436 eoauaua,
1222 1381 1329 1431 vocandi
1342 1389 1372 1429 et

279 1459 441 1510 detrimentis
459 1460 604 1510 uffeuiaaatt
629 1458 697 1508 unde
715 1465 807 1523 poatea
845 1455 985 1507 nunciandi
1004 1469 1103 1512 ennaea,
1121 1469 1171 1505 nuu
1182 1455 1288 1518 ligandi.
1320 1457 1371 1504 Eu-

278 1535 367 1584 itabitu
376 1533 409 1584 de
427 1549 458 1584 eu
469 1535 580 1598 judicio,
591 1535 706 1597 graviter
716 1533 807 1582 muita·
845 1547 901 1582 rutn
913 1543 1001 1594 portu,
1012 1535 1042 1580 ut
1052 1530 1132 1580 etiam
1148 1545 1306 1595 praeconum,
1324 1531 1370 1580 de·

280 1618 322 1660 tua
333 1617 383 1674 eat,
395 1625 426 1661 ae
437 1611 555 1674 periedia
566 1623 659 1674 magua
667 1607 741 1659 adiit.
758 1607 808 1658 Pu·
846 1608 932 1658 euriae
942 1605 1030 1661 iniaae.
1038 1607 1372 1672 eaaqtraacnuauiibuaiee·

279 1683 374 1747 lybina.
847 1683 982 1740 tentantia
997 1687 1037 1732 eat
1052 1683 1159 1747 antiqua
1175 1682 1270 1731 tannia.
1287 1681 1374 1743 Sigea.

314 1760 371 1808 Nan
381 1759 542 1824 pawmtidae]
559 1758 663 1810 Sieiiiua
674 1757 809 1820 iuterpru·
847 1761 967 1812 Viatores
975 1759 1053 1809 etiarn
1060 1758 1228 1807 Tribunurnm
1237 1759 1272 1822 pi.
1283 1757 1374 1821 initae,

279 1834 360 1897 digia,
377 1849 435 1898 quan
453 1834 553 1884 eiadern
573 1833 698 1883 Flaminio
710 1833 810 1882 denun·
846 1842 922 1899 patet
938 1848 971 1882 ex
990 1835 1034 1883 iiie
1052 1833 1134 1883 Liuii:
1160 1833 1257 1883 ‘Sinni
1273 1847 1301 1882 aa
1316 1831 1374 1882 uui·

282 1907 393 1970 tiabant,
405 1908 453 1957 hue
464 1921 566 1973 qnoque
579 1907 661 1971 punit,
672 1906 740 1971 quud
752 1906 761 1933 ‘
774 1906 811 1955 A·
847 1923 921 1960 verna
937 1910 1027 1966 annaio
1045 1908 1149 1971 avertit,
1164 1915 1191 1956 et
1211 1913 1301 1958 aeuuta
1318 1907 1374 1957 Sui-

282 1984 321 2033 iea
339 1983 448 2048 praeacia
466 1983 550 2034 luetua
569 1983 711 2040 Danruuvit
730 1979 810 2044 renui,
846 1984 948 2048 pionem
958 1990 1014 2032 eat:
1025 1983 1133 2046 adeo‚ut
1141 1989 1272 2046 puatreutu
1281 1981 1373 2031 auribae

282 2059 440 2123 planctuque
449 2058 573 2109 alimenta
585 2055 700 2120 refugit?
716 2056 809 2106 Euuu·
847 2059 1010 2122 viatureaque
1026 2057 1153 2107 'itibuuna
1178 2053 1375 2121 retiaquereutss

283 2134 373 2194 traria,
384 2147 443 2183 enm
455 2134 518 2197 puili
535 2139 685 2197 pascuntur,
694 2130 758 2182 t'aiia
769 2139 810 2182 eat
846 2132 1020 2185 tinuatur.
1369 2145 1375 2154 ·

282 2209 433 2272 auapIcium.
450 2208 481 2258 ld
494 2223 555 2258 vero
567 2207 809 2258 t'eiiuiaaimuruere-
881 2210 975 2260 Nauem
996 2209 1150 2259 obterentem
1172 2208 1282 2258 iiininu
1301 2205 1377 2268 endu]

283 2283 404 2347 debatur,
415 2284 519 2347 quaudo
536 2299 570 2336 ex
581 2281 642 2344 uii'u,
657 2298 734 2348 quarn
754 2284 810 2347 pui·
847 2285 938 2334 Simile
948 2285 1045 2336 i'aetum
1056 2284 1152 2334 Siieaui
1162 2284 1278 2346 epiecopi
1287 2289 1378 2332 narret

283 2360 324 2408 ina
335 2361 439 2416 iurauit,
451 2359 547 2424 aliquid
560 2374 593 2410 ex
611 2373 657 2408 ora
669 2361 725 2422 ejua
741 2359 810 2410 ceci·
848 2361 968 2414 Socraten
985 2359 1162 2414 abutentium,
1183 2358 1201 2405 i.
1217 2370 1267 2405 vn.
1289 2371 1313 2405 u.
1336 2360 1377 2406 at.

282 2433 339 2484 dit:
355 2433 433 2497 quud,
446 2435 506 2496 quia
517 2441 612 2482 terram
623 2429 754 2496 puniebat,
763 2434 811 2482 huc
850 2435 952 2484 cmiii.
984 2434 1072 2482 Simila
1083 2431 1230 2494 exemplum
1241 2431 1269 2479 in
1279 2431 1378 2480 ‘iiteeia

283 2505 463 2570 eat,ieriebat,
475 2505 641 2568 terripavium
650 2505 741 2568 primu,
751 2513 810 2568 puat
848 2508 950 2558 Vestali
963 2513 1051 2557 narrat
1060 2507 1189 2568 Vaieriue,
1200 2520 1269 2570 que,
1282 2507 1375 2556 inuenti

283 2580 455 2642 terripudium
470 2580 567 2630 dietum
583 2578 726 2643 aestuque
746 2579 811 2629 ‘tri
849 2584 983 2643 arcessita,
993 2597 1066 2648 apem
1076 2581 1166 2632 aaiutie
1182 2583 1289 2644 ancipiti
1301 2595 1376 2644 argu-

284 2653 391 2719 pudiutn
400 2655 559 2706 auiiatintutn’
569 2655 730 2718 appellatur:
743 2655 811 2720 quud
849 2665 937 2707 mento
956 2666 1046 2722 petere
1061 2671 1122 2706 auaa
1135 2665 1185 2706 eat·
1209 2655 1327 2716 ‘i'eata,'
1338 2656 1375 2705 in·

284 2728 812 2794 auapieiunruumapuiiariunuutiabatur,
850 2736 916 2796 quit,
925 2739 933 2762 ‘
943 2735 964 2782 ai
975 2732 1054 2783 nautia
1065 2733 1116 2781 tuia
1125 2739 1209 2782 eaataa
1218 2745 1320 2794 semper
1332 2731 1378 2780 ad·

284 2805 417 2868 egregium
428 2804 633 2854 eaiatinnabatur.
652 2804 764 2853 Beruuid.
849 2806 917 2855 muri
928 2820 1025 2864 manua,
1038 2803 1111 2857 edice
1124 2807 1210 2856 utirae
1219 2805 1306 2856 eribru
1315 2807 1375 2855 hau·

253 2943 256 2951 ¹
317 2881 349 2930 [a
360 2879 503 2942 auspicando
510 2877 592 2942 puilia]
602 2879 812 2930 Gallinaeeururu
850 2881 913 2932 riam
931 2895 964 2932 ea
982 2880 1070 2931 'i'iiiuri
1093 2895 1183 2946 aquarn
1202 2881 1273 2930 etin
1295 2878 1376 2928 aedetn

284 2962 346 3006 tunt
363 2953 479 3018 tripudia
498 2954 632 3004 auliatiuta
664 2953 700 3004 Hi
719 2955 812 3019 raugia-
851 2963 920 3005 tuane
937 2954 1084 3020 perieram.
1102 2955 1226 3005 audacter
1241 2962 1268 3004 et
1280 2962 1377 3004 tenuere

285 3037 370 3082 tratua
391 3037 494 3081 nuatrua
513 3029 629 3094 quotidie
646 3038 749 3093 regunt,
767 3029 813 3078 do·
845 3030 926 3093 jaetia
938 3029 1003 3080 tutia
1015 3029 1157 3080 aaeerdutia
1169 3043 1253 3080 rerum
1264 3029 1322 3094 ipaa
1332 3039 1378 3078 ua-

286 3119 393 3171 aturque
403 3105 465 3168 ipain
480 3118 539 3154 auaa
553 3103 677 3155 claudunt
688 3113 733 3153 aut
744 3117 814 3153 reae·
852 3111 912 3152 tura
922 3103 1019 3153 eeaait!
1034 3103 1120 3158 Saieii,

285 3189 360 3231 rant·
377 3181 404 3230 hi
423 3179 507 3230 faaeea
521 3180 594 3230 Rutu.
617 3180 751 3241 impeiiunt
767 3185 814 3228 aut
887 3179 947 3228 Cana
961 3177 1036 3228 neria
1051 3180 1137 3228 nutrit
1153 3180 1244 3244 nan]
1262 3179 1377 3230 Aiiatnrn

287 3257 410 3316 retinent,
419 3255 516 3317 jubent
533 3257 600 3304 aeiea
611 3261 657 3302 aut
669 3252 814 3316 prohibent,
852 3265 885 3301 ex
896 3253 1012 3318 Phrygia
1020 3253 1082 3303 niitii
1091 3254 1194 3319 quidem
1205 3253 1274 3305 aiiud
1287 3254 1376 3307 acribi-

286 3330 454 3381 victoriarum
466 3330 577 3379 omnium
590 3335 646 3377 totu
657 3327 719 3377 arbe
728 3333 814 3390 parta·
852 3335 896 3376 tur
906 3329 1011 3379 mianum
1023 3343 1085 3393 rege
1097 3330 1130 3379 ab
1143 3331 1241 3392 Attalo,
1251 3331 1300 3380 uini
1312 3331 1378 3395 iapie

286 3419 343 3453 ratu
354 3403 482 3466 auspican.
499 3403 606 3453 Piiuina.
852 3403 955 3467 quidam
974 3418 1025 3454 nnn
1037 3419 1151 3470 maguus,
1163 3405 1225 3455 ierri
1241 3421 1319 3456 manu
1335 3407 1379 3455 iro-

319 3479 469 3528 Dietuteren
488 3475 577 3539 ditm]
592 3477 683 3528 duaaue
705 3475 814 3529 dictata·
852 3479 994 3529 minieaine
1013 3481 1067 3529 uiiu
1085 3480 1251 3544 imprenaione
1267 3482 1310 3546 qui
1322 3495 1380 3545 put·

287 3567 342 3603 aaut
357 3552 452 3618 dicere,
463 3551 494 3600 C.
505 3551 639 3602 Giauuiata
650 3551 728 3616 dixit,
738 3553 814 3604 aneti·
852 3561 903 3614 aet,
919 3555 1012 3604 eoloria
1023 3553 1089 3604 furvi
1106 3561 1184 3620 utque
1201 3557 1261 3616 atri,
1278 3557 1378 3618 anguiis

288 3630 386 3679 uitium
398 3627 542 3677 huminem
560 3628 603 3691 qui
619 3637 727 3679 coaetus
741 3628 815 3679 abdi·
853 3629 1059 3694 prominentibus
1080 3631 1223 3696 inaequalia,
1244 3641 1271 3682 et
1301 3643 1376 3695 quem

288 3719 349 3756 nare
358 3718 386 3754 ae
398 3703 561 3767 magistratu,
567 3709 657 3766 puatea
668 3703 741 3754 indua
750 3718 815 3767 pra·
853 3717 942 3754 omues
952 3705 1029 3754 hodie
1040 3707 1096 3768 ipau
1108 3706 1152 3754 iiiu
1164 3705 1279 3756 videmna
1290 3707 1315 3754 in
1327 3705 1378 3769 aig·

289 3777 670 3843 teatatutapeetavit.1.iviua.
853 3793 886 3828 uo
900 3781 951 3829 uria
970 3781 1027 3829 ineu
1044 3779 1167 3843 punitum,
1186 3781 1328 3830 indolatum
1350 3789 1378 3830 et

321 3853 435 3920 llyrium]
452 3851 577 3903 Eat'aatia
588 3853 742 3916 Capitolinis
753 3853 814 3904 aeri·
853 3871 982 3920 arperum,
993 3864 1021 3905 et
1032 3855 1169 3906 aiannlaeru
1186 3855 1278 3906 faeiem
1296 3856 1378 3905 minna

288 3930 399 3982 bendum
418 3929 531 3979 Gtiain.
564 3927 681 3978 Uttlnnt·
699 3928 815 3979 Plerum-
853 3947 1002 3997 eapreaaam
1030 3931 1190 3982 eimuiatiouu
1211 3933 1378 3997 praebentem.

289 4021 340 4072 qua
351 4005 477 4069 arripiunt
490 4005 516 4055 in
525 4003 658 4055 veteribua
669 4003 679 4052 i
689 4018 736 4068 pru
745 4017 773 4066 g.
786 4011 815 4054 ut
853 4006 993 4058 Aruubiua.

290 4083 345 4144 toja
362 4094 410 4144 pru
431 4088 510 4144 tuae:
527 4078 619 4144 suijura
641 4093 691 4142 pru
706 4076 814 4142 fulgura
886 4083 963 4146 Idea]
986 4081 1158 4146 Berecyntna,
1175 4081 1289 4146 Phrygia
1306 4093 1378 4144 gena,

291 4155 335 4206 Sic
346 4155 443 4220 iiyciaa
454 4171 501 4222 pru
512 4155 629 4218 utyeiu.
639 4153 742 4206 uum
853 4159 921 4210 etin
938 4157 1084 4210 universum
1101 4155 1219 4220 Phrynen
1236 4171 1266 4208 au
1283 4157 1378 4208 'i'ruutu
