3180 4910
271 323 356 392 luto
622 341 727 390 nora
752 339 953 390 aaaronnn
979 335 1018 390 tn

272 482 492 544 eorlo,atlorica.
528 481 586 532 Hoc
598 498 659 547 ergo
671 483 800 547 peculiare
839 483 948 532 lloratlo
960 481 1031 530 nobis
1044 484 1155 529 constat.
1189 471 1259 528 Alibi
1279 469 1366 530 docttl'·

270 561 298 610 iu
308 558 427 621 Augusto
438 559 538 607 notavit
549 559 720 622 Tranquillus,
731 557 800 623 qaod
838 572 895 606 mos
916 572 974 606 sero
1003 565 1105 605 veteres
1123 556 1306 605 calceamentis
1326 572 1366 606 as·

271 635 378 684 thorace
390 634 463 682 laneo
479 643 596 683 uteretur
608 643 705 697 praeter
715 634 801 682 sabaal·
839 635 968 682 circaisse:
987 647 1044 682 cnm
1057 646 1103 694 per
1122 633 1197 691 longa
1209 633 1304 680 saecuta
1319 646 1367 681 nn·

272 724 328 758 cam
341 695 496 758 et'tuoicas.
531 711 638 760 Frustra
648 710 801 760 Torrentius
838 708 877 757 dis
889 708 1006 771 pedibus,
1026 707 1073 756 nisi
1093 717 1199 768 cogeret
1218 706 1365 762 noccaaitas,

272 784 403 834 subucula
428 785 559 838 thoracem
586 786 718 848 explicat;
739 785 801 848 qaia
838 783 960 845 egissent.
977 785 1188 845 Atpoateaquam
1200 781 1227 828 in
1237 779 1366 844 frequenti

272 857 398 908 subucula
409 867 500 920 pectus
510 857 626 922 tegebat.
636 857 704 923 quod
717 865 747 907 ut
758 871 797 906 ve·
840 872 886 907 osa
905 858 986 908 calcei
1003 862 1138 920 caeperunt
1158 869 1224 912 esse,
1243 856 1364 918 paulatim

273 948 328 982 rrum
349 934 392 995 sit,
412 942 532 984 tamena
549 935 652 984 thorace
670 933 802 985 distincta.
840 936 919 984 etium
933 935 1039 997 pedules
1056 940 1134 996 atque
1146 933 1260 981 crurales
1278 931 1367 980 t'saeise

273 1007 410 1058 Ferrarius.
839 1019 899 1061 sunt
919 1019 1048 1060 aasnmtte.
1080 1009 1251 1072 Temporibus
1276 1007 1366 1056 Dionis

305 1085 366 1132 Cum
372 1085 458 1146 pingui
466 1084 558 1148 ionica]
569 1085 725 1148 Pinguepro
733 1098 802 1133 cras·
840 1087 1025 1149 chrysostomi,
1042 1087 1085 1150 qni
1100 1086 1211 1149 Trojano
1223 1085 1367 1146 imperante

273 1173 301 1208 so
312 1158 376 1208 dixit
386 1176 394 1208 r
405 1160 635 1222 qaromodo'Cicero
644 1161 677 1210 de
689 1161 802 1211 Divinat.
840 1162 914 1222 vixit,
930 1161 1023 1210 fascias
1035 1161 1119 1210 adbuc
1136 1160 1275 1208 mediocris
1286 1156 1367 1207 l'orttr·
1395 1167 1402 1178 ¹

273 1233 393 1296 ‘Pingue
413 1243 439 1282 et
460 1241 607 1284 concretum
630 1243 670 1285 est
692 1234 803 1284 caelum!
839 1252 880 1286 nas
899 1238 1014 1285 homines
1035 1236 1194 1296 ignorabant.
1228 1235 1279 1283 Sed
1298 1236 1368 1282 brac·

273 1310 420 1359 Martialis:
437 1310 491 1358 ‘Et
503 1312 611 1373 pingnsa
620 1311 720 1360 tunicas
730 1323 802 1358 serra
840 1327 928 1361 carum
939 1327 1011 1361 naum
1024 1311 1059 1360 itu
1077 1313 1186 1360 aversati
1203 1318 1262 1358 strat
1280 1309 1368 1360 Graeci

273 1397 362 1432 secare
382 1385 484 1446 potest!
516 1387 550 1434 Et
571 1385 706 1434 Jirveualia
728 1387 735 1411 ‘
746 1383 802 1445 pin·
841 1389 1008 1450 Romanique,
1018 1396 1048 1436 nt
1056 1401 1107 1434 non
1118 1389 1175 1436 sino
1188 1385 1366 1448 indignatione

274 1471 337 1520 gneo
347 1458 462 1505 lacernas
471 1457 477 1479 '
486 1459 643 1506 monimenta
652 1466 719 1520 togae
729 1457 804 1506 dixit.
839 1460 937 1510 referat
948 1459 1068 1518 ovidius,
1084 1461 1164 1509 Ponti
1176 1462 1276 1508 accolas
1292 1471 1368 1522 quos·

274 1531 426 1594 Hajasmodl
438 1540 524 1581 autern
542 1532 702 1594 pinguiorem
715 1539 802 1594 togam
840 1535 898 1583 darn
923 1535 1029 1584 braccas
1051 1543 1177 1598 gestasse,
1203 1549 1261 1584 essm
1283 1539 1370 1583 essent

274 1605 352 1656 fuisse
376 1622 443 1671 eona,
465 1623 542 1671 qrrarn
568 1610 671 1658 bonam
694 1608 802 1657 Romani
839 1609 940 1660 Grecis
958 1609 1078 1658 orismdi:
1096 1609 1279 1658 existimabant
1301 1609 1368 1657 enim

273 1683 449 1745 appellavere,
472 1683 595 1734 credibile
617 1694 668 1734 est.
701 1683 801 1734 Varro:
840 1685 1059 1736 inclementissimi
1068 1685 1125 1734 coeli
1134 1684 1159 1732 id
1169 1697 1369 1746 asaeargnraenv

274 1757 369 1806 ‘Laeua
388 1758 457 1823 qarod
469 1757 502 1807 de
518 1759 576 1808 lana
586 1759 668 1808 molta
677 1775 685 1819 ;
695 1758 801 1810 duacum
841 1767 905 1810 tum.
940 1761 999 1810 Non
1011 1767 1097 1810 tamam
1107 1759 1265 1820 dubitamus,
1282 1760 1368 1822 paullo

274 1835 343 1882 eninr
356 1839 471 1894 togarum
484 1834 581 1883 instar!
598 1837 676 1884 Marc.
689 1835 780 1884 Danai.
841 1845 899 1900 post
910 1835 1022 1902 Augusti
1036 1843 1160 1897 tempora,
1173 1837 1274 1886 braccis
1286 1836 1369 1897 cepis·

307 1908 341 1956 Ee
351 1909 468 1958 mimula
477 1901 805 1970 lbornceloneo]8nbncula‚
840 1926 870 1961 sa
897 1926 1047 1962 assuescere
1075 1912 1214 1972 Romanos,
1236 1913 1281 1975 qni
1303 1911 1370 1960 bella

275 1980 506 2048 airisioemiuisque
518 1983 668 2043 communis,
684 1984 721 2032 aio
733 1984 805 2033 dicta
841 2000 898 2036 cum
910 1985 1045 2035 Germanis
1059 1986 1169 2048 aliisque
1181 1985 1370 2048 septentriona-

274 2067 324 2112 est‚
349 2058 416 2120 qrrod
442 2059 533 2109 subtus
554 2065 682 2122 gestetur.
711 2059 804 2108 Varro.
841 2061 908 2109 libus
931 2062 1033 2123 popillia
1050 2061 1185 2124 gerebant,
1208 2069 1253 2109 ant
1273 2061 1369 2109 limites

274 2133 414 2184 Tlsosacem
434 2143 519 2183 autern
539 2134 671 2182 subucula
690 2134 805 2196 intelligo
841 2134 946 2196 Imperii
955 2134 1036 2182 inillis
1046 2135 1096 2182 oris
1107 2133 1255 2184 tuebantur.
1269 2134 1372 2184 casaub.

276 2217 405 2272 quatenns
428 2222 459 2258 ea
482 2217 574 2272 pectas
593 2211 699 2273 tegitur.
732 2210 805 2258 Male
872 2211 905 2260 Ia
914 2208 1049 2274 peristylio]
1064 2209 1097 2258 Io
1107 2209 1165 2258 atrii
1176 2217 1260 2273 parte,
1270 2224 1371 2274 qrtanre

274 2285 355 2343 igitur
366 2285 410 2349 qui
428 2285 539 2334 summu
553 2289 576 2336 et
593 2285 688 2334 llsorace
705 2285 804 2346 legunt.
842 2301 869 2334 re
882 2286 1040 2349 peristyliom
1053 2285 1182 2333 dicabant.
1217 2285 1267 2333 Adi
1278 2286 1313 2333 sis
1326 2299 1373 2334 au·

277 2360 388 2410 Torreat.
841 2368 932 2408 notata
940 2359 972 2407 ad
984 2373 1042 2420 cap.
1052 2363 1092 2406 29.
1107 2365 1135 2406 et
1146 2359 1292 2407 Vitruvium
1304 2359 1373 2411 libro

308 2433 510 2492 Eiserar'aoiibsa,
521 2439 545 2480 et
556 2432 677 2480 tibialibus
687 2431 806 2478 moabita·
842 2447 880 2482 ut.
891 2447 951 2494 cap.
962 2436 987 2481 i.

275 2505 806 2570 lor]Illisaocibuanonintelliguotv‘ete·
874 2506 980 2558 Sdiesle
1001 2509 1075 2572 aqua]
1105 2509 1187 2558 Simili
1210 2509 1321 2560 artificio
1343 2516 1373 2560 et

276 2598 318 2633 aes
332 2583 417 2632 Latini
428 2581 455 2632 id
475 2583 543 2646 qnod
554 2582 630 2632 bodie
647 2582 806 2645 appellamus
843 2583 945 2635 tlreatra
973 2583 1176 2646 refrigeramus:
1204 2585 1371 2648 ejusmoni

277 2656 412 2709 femoralia
430 2665 458 2706 et
469 2657 578 2718 tibialia,
588 2656 633 2706 aed
646 2655 739 2706 incias
751 2657 807 2720 qtsi·
844 2661 941 2722 primus
967 2667 1058 2709 anctus
1084 2661 1224 2723 Pompeias
1251 2662 1372 2723 Magnus.

278 2733 326 2783 buu
345 2734 445 2796 obliqui
465 2731 554 2795 1)θᾶῦῆ
575 2731 662 2788 libius
679 2746 764 2792 crufo,
781 2735 808 2780 tl
843 2735 962 2785 Valerius
976 2736 1105 2784 Maximus
1122 2735 1168 2784 lib.
1178 2749 1209 2784 st.
1244 2737 1282 2784 Eo
1294 2737 1371 2785 etiam

277 2805 543 2858 femorasiveferniua
553 2807 730 2856 involvebant.
742 2807 808 2854 Noa·
839 2819 946 2873 spectat
959 2811 1027 2859 Circi
1044 2811 1171 2872 irrigatio.
1190 2813 1292 2862 casaub.

279 2893 332 2934 tras
343 2883 410 2930 enim
424 2881 530 2930 braccas
546 2895 598 2930 noo
615 2879 694 2930 ioiaae
706 2880 808 2930 Graecis
865 2886 1027 2948 Atqmetism
1037 2888 1252 2949 aestimentiam
1262 2887 1373 2950 cubabat}

279 2959 428 3022 Latinisque
437 2958 527 3014 inusu,
538 2955 810 3020 eoprobamuaquod,
845 2961 927 3010 Erant
961 2959 1063 3010 ilabella
1091 2963 1288 3024 elegantiarum,
1319 2963 1373 3012 sive

279 3039 306 3086 in
325 3039 397 3086 cultu
414 3035 564 3085 Graecorum
582 3042 610 3083 ot
628 3035 809 3093 Romanorum,
845 3037 981 3092 muscaria.
994 3037 1131 3099 pavonina,
1151 3047 1178 3086 nt
1198 3039 1324 3088 Martialis
1335 3039 1373 3086 in·

280 3112 398 3161 breviore
411 3117 479 3158 veste
492 3110 589 3169 amicti,
606 3122 650 3157 ees
670 3113 759 3170 partes
770 3120 811 3154 os·
845 3111 926 3162 dicat·
957 3113 1140 3174 Utplnsimum
1151 3112 1253 3163 ilabella
1268 3123 1373 3163 etanta

279 3186 427 3244 tenderent,
439 3199 496 3248 qnoe
508 3185 615 3234 h⁰¹¹0¹10
624 3181 750 3230 ”liminari
759 3193 808 3227 ¹¹⁰⁰
846 3187 937 3248 pennis
949 3187 1018 3235 inter
1026 3201 1055 3235 se
1065 3187 1192 3250 colligatis
1200 3189 1226 3236 ira
1236 3203 1312 3238 arsum
1323 3187 1372 3237 fas·

279 3264 395 3322 possunt.
429 3258 496 3306 Item
526 3257 595 3318 quod
622 3256 648 3304 in
679 3253 810 3302 maulim
846 3261 973 3310 ciculum:
998 3276 1077 3324 quare
1101 3263 1239 3326 Euripides
1260 3264 1376 3326 appellat

278 3336 326 3382 τῶν
336 3332 388 3394 aspl
395 3329 558 3382 centonarius
566 3329 649 3391 bnon,
658 3327 808 3377 vestissent·
846 3334 939 3398 sin-fi,
956 3334 1047 3386 κύκλον
1059 3339 1176 3402 nim,
1195 3347 1223 3388 et
1234 3346 1307 3387 notat
1322 3352 1375 3386 mn.

281 3406 543 3471 peraaiiaasriasaal
555 3405 696 3456 &intrudas
705 3403 809 3453 dicitur.
846 3425 901 3460 rem
921 3425 976 3461 egge
995 3413 1165 3467 ngbggignm
1183 3414 1326 3475 ephr-ygini
1342 3413 1373 3460 gd

283 3483 391 3533 Hebraei
401 3483 579 3532 honestissime
598 3477 810 3543 ‘tegerepedea'
847 3485 954 3536 Gnaeos
971 3488 1083 3539 anasum,
1116 3489 1200 3539 pom,
1221 3489 1265 3552 qui
1278 3487 1375 3536 mollio.

282 3557 445 3608 Herodianus
463 3559 489 3605 in
507 3557 636 3619 Macrino,
651 3553 695 3604 aba
712 3554 811 3611 tobim
846 3575 887 3610 rea
900 3569 984 3623 eraut,
1003 3564 1146 3624 prasertim
1165 3571 1250 3612 saitem
1266 3562 1376 3622 virginea

281 3635 416 3696 τᾶνμηρόν
426 3631 557 3681 nobilitor·
584 3632 651 3680 U⁵u⁸
663 3631 757 3694 primm
769 3631 810 3678 bt·
848 3636 977 3700 delicata,
992 3638 1021 3688 iis
1039 3653 1089 3687 non
1105 3638 1259 3688 cubantibus
1277 3643 1375 3684 tanturn

283 3726 337 3760 ram
348 3709 485 3759 fasciarum
503 3706 554 3756 init
569 3707 595 3755 in
611 3707 716 3769 aegrotis
727 3713 755 3754 et
765 3705 811 3753 im·
849 3713 1016 3762 ventilatore„
1029 3713 1147 3778 aderant,
1157 3714 1201 3762 ,ω
1214 3715 1294 3760 etim
1306 3712 1375 3760 ince-

175 3819 181 3832 .
282 3785 428 3840 becillibas,
439 3799 454 3832 a
465 3783 556 3848 quibus
565 3789 712 3831 aarmseruot
722 3788 813 3844 postea
849 3786 970 3838 dentibus
982 3803 1029 3849 per
1042 3790 1128 3836 urinam
1139 3789 1208 3838 nervi
1218 3801 1274 3837 cum
1287 3785 1376 3836 flabat.

283 3862 397 3910 lrorniocs
410 3861 514 3910 delicati
527 3865 554 3908 el
566 3858 663 3906 attolles·
698 3857 811 3906 Peduleu
850 3863 879 3911 lia
891 3864 964 3913 simul
977 3870 1003 3912 et
1015 3864 1132 3913 umbellis
1147 3866 1214 3913 latus
1226 3861 1377 3924 cingebant.

188 3963 191 3969 r
284 3939 376 3992 fascias
387 3937 630 4004 Graeciaspmatldas
639 3937 812 4000 appellarunt,
851 3941 988 4002 Dionysius
1007 3939 1123 3991 Hailib.
1135 3954 1186 3990 vra.
1203 3941 1278 3988 idest.
1365 3960 1369 3966 ·

239 4023 245 4032 “
284 4023 399 4070 crurales
421 4017 591 4081 περισκελίδας.
626 4016 697 4066 Quas
726 4019 812 4062 tameo
883 4013 1024 4076 Petaraios]
1057 4015 1175 4069 Petaurus,
1199 4029 1214 4062 a
1240 4009 1391 4089 aerduuuuss,¹

284 4096 364 4144 ctiam
376 4112 393 4144 a
403 4097 496 4158 praellis
506 4094 586 4142 luisse
594 4095 706 4154 gestatas
715 4102 747 4136 ex
757 4087 813 4136 Me·
851 4090 933 4150 nilons
944 4097 983 4138 eat
996 4091 1120 4138 victorius
1131 4092 1210 4139 solem
1224 4087 1376 4138 delendum.

284 4169 383 4220 arandro
395 4177 504 4222 sauatat
514 4168 531 4220 J
535 4169 599 4219 ullus
616 4165 720 4225 Pollux,
738 4168 765 4212 et
779 4175 813 4212 ex
852 4163 977 4227 Apuleius
992 4166 1074 4230 ‘pilai
1085 4163 1273 4217 umbraculuar'
1291 4169 1375 4212 uocat.
