3212 4914
537 445 570 494 c.
594 441 774 493 susroun
800 441 1006 492 ocnsvtuu.
1236 423 1323 490 1375

224 586 358 650 Augustus
374 586 582 651 opulentioribus
598 587 692 638 indixit
708 587 754 638 de·
791 584 1001 636 untlsltelslcss?
1034 582 1093 647 lire,
1109 583 1131 632 ei
1147 581 1264 633 meterius
1275 597 1323 632 ns·

224 664 413 727 nuntiavitque,
424 669 453 712 ut
465 677 552 714 sessos
564 679 610 727 pro
621 663 752 716 insulteti-
791 663 952 713 timetinuenu
971 667 1085 726 spectes,
1102 660 1214 710 omniurn
1231 661 1324 710 vilissi-

224 741 271 792 bus
290 740 339 790 silui
359 739 460 795 darent,
479 739 570 805 quibus
592 741 754 790 manumissis
791 735 923 787 dressed
946 735 1050 787 ridetur
1071 736 1165 795 civica,
1186 741 1322 800 postquem

223 817 251 866 iu
262 816 353 866 militis
370 821 504 866 nteretnr:
522 829 580 865 nens
591 817 634 880 qni
644 816 753 865 ditiores
791 813 873 874 cupit
891 811 1006 875 appendi
1027 809 1128 860 furibus
1150 809 1235 873 Isupp.
1252 811 1324 875 quasi

224 900 311 956 eraut,
331 893 356 941 in
378 891 435 942 illos
454 905 535 942 onere
553 892 755 955 incumbentes,
792 889 1147 953 propriseorumlualsita,et
1159 889 1323 952 persurejes·

223 969 291 1022 siout
307 969 368 1018 olim
380 968 497 1018 edessio
512 969 597 1019 Tullio
609 983 647 1022 vr.
660 969 755 1020 Roma·
791 964 854 1015 tetis
869 965 994 1030 ipsururn.
1011 965 1114 1016 Consi.

223 1059 313 1096 nornrc
334 1058 395 1107 repe
414 1043 562 1098 institutum
578 1044 659 1096 foisse
676 1046 755 1096 ducet
823 1041 1033 1106 sesaminum]
1052 1043 1114 1092 Non
1125 1040 1278 1106 pratls,.sed
1290 1055 1324 1090 ex

222 1121 321 1172 Livius.
343 1119 454 1170 &mid
791 1117 894 1166 merito.
905 1116 993 1181 lrupp.
1010 1116 1087 1166 Bes-s.

256 1195 307 1246 Sed
323 1195 404 1259 prt'sre
419 1195 518 1261 emitte]
537 1196 625 1247 [sirius
643 1196 754 1262 primunr
827 1191 960 1256 cruperis]
981 1191 1081 1242 Omnes
1101 1191 1197 1240 milltes
1220 1190 1329 1252 coligetl·

224 1271 345 1321 sesillurn
369 1271 470 1322 triarios
490 1271 600 1322 dusius*
615 1273 669 1323 ait:
689 1273 757 1323 site.
792 1267 960 1320 incedebant.
991 1268 1044 1318 Sed
1061 1274 1088 1318 et
1103 1267 1221 1329 uticem
1236 1279 1283 1329 W
1295 1279 1324 1315 ’θ

225 1359 281 1396 rum
294 1345 405 1396 rorarios
421 1347 534 1399 usluores
551 1347 754 1413 robore,sutste,
792 1359 841 1409 pro
858 1345 939 1395 milite
957 1345 1095 1409 recipitur,
1107 1351 1136 1394 nt
1147 1344 1167 1392 l.
1179 1355 1219 1392 vt.
1235 1343 1276 1392 De
1295 1355 1324 1390 re

225 1420 359 1472 antestis:
380 1422 485 1472 tertium
501 1423 753 1484 acceusnuruinimn
792 1420 866 1470 utilit.
883 1427 890 1448 ⁴
906 1419 1038 1485 Celipatns
1058 1421 1102 1485 qni
1119 1425 1191 1469 metu
1212 1417 1326 1468 hostiurn

224 1495 328 1546 fiducius
339 1509 449 1548 manunt.
482 1497 533 1547 Sed
549 1499 638 1549 Livius
652 1498 753 1562 addip·
791 1498 941 1560 languorem
953 1495 1102 1546 simulent)
1125 1495 1261 1548 Jnrenelis
1279 1495 1327 1544 Sa·

224 1572 334 1621 nitatem
349 1571 475 1636 respexit,
490 1573 699 1640 Trsuqnillussd
711 1589 753 1624 or·
791 1580 850 1638 tyrs
860 1574 967 1624 ultima:
983 1571 1124 1623 ‘Cusuduu
1134 1571 1327 1627 cturulsebeas,

224 1646 676 1713 dicens,quoiuacledisponnntnr.
706 1650 752 1700 Sc·
791 1648 924 1700 offendere
948 1657 987 1699 tot
1009 1646 1152 1712 religatos:
1184 1645 1326 1698 Suetonius

223 1723 278 1772 isli.
300 1724 409 1775 Meilesn
421 1731 507 1775 temen
516 1726 560 1776 ssi
569 1727 649 1788 priore
658 1728 754 1778 ouillo.
792 1732 878 1776 tanuen
889 1725 932 1774 liic
942 1724 1110 1788 ostigssomss
1121 1723 1223 1774 nornine
1235 1736 1325 1786 prepa-

223 1798 345 1850 'l'orrent-
370 1799 421 1849 διὸ
436 1800 541 1864 prtum
559 1803 649 1852 neutile
666 1802 754 1867 plnoet
792 1801 844 1851 rius
862 1809 961 1850 tentum
981 1800 1078 1849 milltes
1096 1798 1228 1861 intelligit,
1240 1798 1278 1848 uti
1296 1806 1326 1848 et

225 1871 384 1924 cmunouo.
512 1915 516 1924 .
586 1898 588 1906 ¹
755 1908 758 1920 .
793 1876 906 1941 Celipul.
923 1890 948 1926 c.
966 1880 992 1927 e.
1009 1883 1037 1925 et
1053 1875 1133 1925 vitel.
1150 1889 1175 1924 c.
1193 1877 1219 1925 7.
1244 1882 1324 1938 etque

256 1948 330 1998 Dosse
345 1951 473 2015 ιιίιίιιιήιι]
488 1952 531 2002 De
542 1951 635 2018 quibus
652 1950 755 2016 Llpsins
792 1953 849 2016 ipss
867 1952 907 2017 (ni
925 1951 1015 2016 fellor)
1032 1950 1198 2002 Modestinus
1216 1948 1282 1999 libro
1295 1961 1325 2000 x.

225 2021 460 2076 Mll.llurn.v.lt.
482 2027 561 2078 Bm.
792 2028 826 2078 de
851 2037 967 2079 excuset.
990 2034 1170 2085 interemor
1197 2024 1326 2088 iilpisnus

259 2101 377 2165 waste
391 2117 451 2152 nero
463 2109 608 2168 eremoque
624 2101 754 2167 mesu]
791 2105 859 2155 lilsro
873 2118 904 2156 st.
915 2105 949 2154 ds
960 2105 998 2154 lris
1009 2102 1054 2169 qul
1070 2110 1193 2154 notentur
1208 2100 1326 2166 intents,

225 2177 296 2240 Iege
313 2192 373 2230 cum
389 2179 502 2229 editione
515 2180 642 2242 Βοωιιια,
652 2185 676 2230 et
690 2178 755 2243 qsts·
792 2188 821 2230 et
831 2180 994 2245 spestltsiuse
1005 2177 1164 2230 'l'lscodnslus
1180 2184 1208 2228 et
1218 2177 1328 2226 Valent.

224 2253 298 2315 qnid.-
313 2268 373 2303 narn
387 2255 491 2304 cannino
507 2255 546 2326 its
564 2257 678 2319 postulet
696 2267 754 2304 sen·
792 2257 882 2311 laxs.
903 2270 927 2307 c.
944 2255 979 2304 de
999 2254 1106 2319 nuptiis.
1139 2251 1173 2304 ld
1189 2249 1325 2302 rescinde

224 2329 316 2380 tentis.
349 2329 506 2382 Militarlusn
524 2331 658 2390 denorum.
677 2339 755 2396 atque
791 2331 889 2382 lectum
911 2331 1034 2387 arbitror,
1055 2329 1122 2396 quod
1146 2329 1192 2394 qui
1213 2327 1323 2392 modurn

224 2401 290 2453 eden
309 2405 422 2455 omniurn
442 2406 604 2470 premiorum
624 2406 677 2458 dnn
694 2413 757 2457 suut
792 2408 904 2473 aliquem
921 2407 1021 2457 rnllltlss
1040 2405 1176 2468 tenebunt,
1191 2404 1325 2456 ornatiore

224 2493 336 2542 genere:
354 2480 472 2545 quedam
484 2481 698 2545 locorlssiguusn
714 2497 755 2532 so·
791 2497 867 2549 quesn
887 2482 1051 2546 manipnlerli
1070 2481 1155 2546 celips
1173 2481 1324 2544 utebantur,

223 2556 275 2604 lusu
292 2553 406 2605 nsunt:
425 2563 455 2608 ut
473 2557 567 2620 pslnre,
578 2559 645 2608 olere
660 2573 755 2622 ramus,
791 2567 820 2610 st
839 2559 920 2610 cleris
940 2557 1071 2622 argentela
1092 2555 1230 2621 aureisque
1248 2553 1325 2605 efful-

223 2632 298 2681 heste
310 2645 384 2694 pure,
402 2636 430 2681 et
447 2631 474 2680 id
494 2647 575 2694 penus
590 2647 638 2695 per
655 2647 684 2682 se
700 2635 756 2683 nnl-
791 2635 901 2700 pnlsent.
930 2635 1002 2684 Hinc
1013 2641 1055 2684 est
1066 2632 1136 2697 qnod
1153 2631 1256 2682 ‘suillis
1272 2633 1326 2681 cla·

225 2705 273 2756 llns
294 2707 372 2770 pretii
394 2707 436 2754 rel
458 2707 549 2770 parsl:
574 2707 622 2756 sed
642 2722 700 2772 quse
727 2707 755 2758 in
793 2707 901 2772 sornm,’
917 2716 945 2758 et
959 2710 1004 2757 ‘ln
1016 2707 1096 2770 digito
1110 2708 1323 2756 herereclerurn

224 2783 310 2845 pretio
321 2781 449 2832 hebeutur
461 2789 569 2846 propter
581 2780 608 2831 ld
623 2781 690 2847 qued
709 2795 756 2847 per
791 2783 895 2834 militis’
912 2784 979 2836 dixit
994 2783 1138 2846 ducendis,
1148 2788 1177 2832 et
1192 2781 1325 2831 ‘Marinus

222 2856 449 2920 illeaiguiticutur.
483 2857 514 2906 ln
525 2856 677 2922 quibusdem
688 2855 757 2907 iuest
792 2861 911 2924 scellge
926 2860 958 2909 ad
975 2860 1137 2909 consoletuuu
1149 2855 1322 2922 perductum:

224 2940 252 2982 et
274 2933 313 2982 rel
334 2931 448 2996 largitio,
476 2939 505 2982 et
530 2933 636 2982 honoris
657 2932 756 2996 siguum
792 2936 892 2987 Sensus
903 2937 936 2986 ds
946 2933 1043 2985 Beuef.
1052 2935 1098 2984 lib.
1107 2947 1134 2983 v.
1152 2933 1261 2981 Torreat.

224 3007 390 3072 conjunctius.
415 3007 484 3058 lies
495 3008 600 3071 proprie
608 3009 677 3071 lips,
685 3009 755 3072 doec,
798 3039 803 3046 -
828 3008 1151 3072 cuniensess'ltodosnsit]
1168 3007 1261 3058 Colore
1270 3021 1324 3058 rue·

224 3083 520 3149 eppeilstAristoteles,
538 3099 569 3135 sc
591 3093 665 3138 notat
685 3099 756 3149 rere,
793 3089 857 3139 riuis
875 3085 997 3136 fluctibns
1016 3085 1102 3134 simili·
1133 3083 1228 3132 Sextus
1244 3082 1323 3132 Pous-

223 3167 366 3226 propteres
385 3168 413 3212 ct
430 3175 508 3224 opnrn
526 3168 555 3211 et
575 3153 665 3225 glorie*
683 3161 756 3224 cupi·
793 3164 867 3229 peius
887 3170 916 3215 et
935 3163 1002 3226 ipse,
1020 3167 1051 3210 nt
1068 3157 1203 3223 epplenus
1219 3156 1325 3219 scribit,

225 3237 271 3288 dos
297 3237 358 3287 doni
385 3250 444 3288 esse
473 3244 651 3301 appetentes:
679 3237 755 3316 qmbo
791 3237 999 3303 submultiplices
1015 3234 1254 3293 marissuccessus,
1272 3246 1323 3284 crs·

224 3313 292 3364 eninr
320 3320 515 3376 consequuntur
537 3326 569 3360 ee
589 3327 648 3378 ques
670 3313 755 3378 requi·
792 3317 890 3366 culeum
903 3313 1111 3379 peludausentuut
1124 3324 1172 3374 pro
1190 3321 1325 3374 purpureo

225 3395 294 3438 rust.
327 3387 413 3451 liujus
442 3387 626 3448 censuissent
648 3395 756 3452 torques
792 3389 885 3441 indnit.
918 3389 1023 3439 Servius
1039 3387 1133 3437 suthor
1149 3391 1199 3447 est,
1216 3385 1322 3436 caerule-

224 3477 255 3513 ae
271 3462 394 3526 pestere,
412 3463 515 3526 alisque
529 3465 621 3527 usnlts,
631 3476 690 3528 quse
703 3460 756 3511 Au·
792 3480 835 3516 usn
847 3463 967 3514 resillutn
979 3462 1095 3528 equitum
1112 3461 1166 3511 eles
1182 3460 1253 3524 epod
1268 3473 1323 3509 sus-

225 3543 326 3600 gustum
338 3534 438 3585 fecilior
449 3535 553 3587 dedisse
570 3545 643 3588 notat
661 3538 755 3588 Sueto·
788 3539 861 3603 joses
878 3552 973 3602 cogere
990 3538 1111 3588 solitums
1128 3536 1162 3587 ob
1180 3535 1217 3598 ld,
1236 3535 1326 3598 credo,

224 3615 292 3668 ulus,
302 3625 378 3677 quern
391 3611 500 3662 velleret
512 3618 540 3662 et
553 3615 666 3664 naurslea
681 3627 756 3664 curn·
792 3616 852 3679 qula
869 3621 896 3665 et
913 3615 1053 3677 Neptunus
1062 3613 1191 3678 Equester
1202 3609 1237 3662 eb
1248 3611 1322 3661 initio

224 3701 280 3738 nes.
315 3685 433 3750 Amplius
444 3687 513 3738 enlm
532 3693 593 3738 eret
608 3689 637 3738 ln
656 3688 694 3739 ele
711 3690 756 3739 uo·
794 3692 882 3742 Βοιιιιι
909 3691 993 3740 cultus
1021 3695 1073 3745 eat,
1100 3696 1128 3738 et
1155 3687 1215 3752 quie
1241 3699 1325 3750 equus

224 3763 294 3815 noris
321 3763 434 3826 signum.
459 3764 603 3827 (11111ῐαί
630 3763 754 3828 bruilio:
792 3769 877 3821 sidens
904 3769 1002 3819 nntniui
1028 3767 1197 3818 edscribitcr.
1236 3765 1325 3828 Virgi-

225 3844 316 3889 contra
328 3836 353 3886 in
366 3837 518 3900 phalerius
530 3837 676 3906 torquibus,
687 3839 755 3892 allis·
792 3845 861 3894 lics:
883 3844 991 3909 ‘Tuque
1011 3856 1027 3893 o
1047 3843 1090 3893 cui
1108 3843 1192 3906 priene
1211 3839 1323 3890 tremen-

225 3927 276 3979 qne
288 3911 385 3962 multit-
402 3912 478 3962 Iden·
792 3926 845 3969 ten
857 3919 937 3971 Fudit
951 3933 1045 3984 eqenn
1059 3932 1153 3982 magno
1170 3915 1248 3966 telins
1263 3927 1322 3979 per-

258 3990 339 4046 anos
356 3989 457 4039 sellem
478 4005 507 4040 ec
527 3991 629 4042 weles
645 3991 755 4056 mesu]
792 3994 1005 4049 cnmttldenti'
1021 3994 1109 4044 Sabell.

225 4065 307 4116 Erant
324 4064 382 4116 lstae
394 4079 494 4128 qnoque
512 4077 545 4116 ex
562 4080 641 4117 euros
659 4068 714 4131 sed,
726 4077 756 4120 nt
825 4071 999 4136 iiiupisles]
1015 4070 1067 4122 Qui
1079 4066 1217 4134 aliqnando
1233 4066 1323 4116 trinus·

226 4149 317 4204 aperte
333 4140 433 4190 indicat
448 4141 597 4203 Suetonius,
608 4157 708 4206 pauco;
725 4151 756 4196 ut
791 4147 920 4211 pluerunt:
948 4153 977 4198 ut
1009 4145 1168 4207 consuleres,
1196 4142 1324 4206 pretoril,

225 4217 310 4278 pretio
327 4217 505 4281 comparsude
523 4231 574 4267 nou
594 4227 683 4269 cuent
697 4234 755 4271 cunt
792 4223 835 4288 qui
853 4223 988 4288 Consules,
999 4221 1043 4287 qui
1059 4221 1193 4272 Ptnturea
1208 4217 1325 4270 fuerent.

226 4291 363 4356 torquibus
390 4307 420 4343 ac
448 4291 567 4357 phaleris.
611 4294 648 4345 At
674 4309 754 4362 quere
791 4299 869 4352 Bere.
