<?xml version="1.0" encoding="UTF-8"?>
<!DOCTYPE html PUBLIC "-//W3C//DTD XHTML 1.0 Transitional//EN"
    "http://www.w3.org/TR/xhtml1/DTD/xhtml1-transitional.dtd">
<html xmlns="http://www.w3.org/1999/xhtml" xml:lang="en" lang="en">
 <head>
  <title>
</title>
<meta http-equiv="Content-Type" content="text/html;charset=utf-8" />
  <meta name='ocr-system' content='tesseract 3.04.00' />
  <meta name='ocr-capabilities' content='ocr_page ocr_carea ocr_par ocr_line ocrx_word'/>
</head>
<body>
  <div class='ocr_page' id='page_1' title='image "./operaomniaexedi03suetgoog_0346.png"; bbox 0 0 3212 4914; ppageno 0'>
   <div class='ocr_carea' id='block_1_1' title="bbox 535 431 1316 500">
    <p class='ocr_par' dir='ltr' id='par_1_1' title="bbox 535 431 1316 500">
     <span class='ocr_line' id='line_1_1' title="bbox 535 431 1316 500; baseline 0 0"><span class='ocrx_word' id='word_1_1' title='bbox 535 453 567 500; x_wconf 89' lang='lat' dir='ltr'>c.</span> <span class='ocrx_word' id='word_1_2' title='bbox 589 449 769 499; x_wconf 82' lang='lat' dir='ltr'>nuuronrr</span> <span class='ocrx_word' id='word_1_3' title='bbox 792 449 1003 498; x_wconf 85' lang='lat' dir='ltr'>ocravtuu.</span> <span class='ocrx_word' id='word_1_4' title='bbox 1229 431 1316 500; x_wconf 79' lang='lat'>1378</span> 
     </span>
    </p>
   </div>
   <div class='ocr_carea' id='block_1_2' title="bbox 217 589 1323 2634">
    <p class='ocr_par' dir='ltr' id='par_1_2' title="bbox 217 589 1323 2634">
     <span class='ocr_line' id='line_1_2' title="bbox 218 589 1315 656; baseline 0.003 -13"><span class='ocrx_word' id='word_1_5' title='bbox 218 593 502 645; x_wconf 72' lang='lat' dir='ltr'>semnsineritrnissns</span> <span class='ocrx_word' id='word_1_6' title='bbox 519 592 547 641; x_wconf 89' lang='lat' dir='ltr'>ln</span> <span class='ocrx_word' id='word_1_7' title='bbox 565 591 663 654; x_wconf 87' lang='lat' dir='ltr'>sillam,</span> <span class='ocrx_word' id='word_1_8' title='bbox 682 592 748 642; x_wconf 77' lang='lat' dir='ltr'>inte·</span> <span class='ocrx_word' id='word_1_9' title='bbox 786 589 1315 656; x_wconf 80' lang='lat' dir='ltr'>imoetruorspoeua,siquirciiquistentl</span> 
     </span>
     <span class='ocr_line' id='line_1_3' title="bbox 217 667 1317 734; baseline 0.003 -14"><span class='ocrx_word' id='word_1_10' title='bbox 217 675 266 721; x_wconf 88' lang='lat' dir='ltr'>rim</span> <span class='ocrx_word' id='word_1_11' title='bbox 279 670 332 719; x_wconf 92' lang='lat' dir='ltr'>iilic</span> <span class='ocrx_word' id='word_1_12' title='bbox 342 669 443 718; x_wconf 82' lang='lat' dir='ltr'>iuturus</span> <span class='ocrx_word' id='word_1_13' title='bbox 452 669 514 734; x_wconf 89' lang='lat' dir='ltr'>quia</span> <span class='ocrx_word' id='word_1_14' title='bbox 524 669 655 718; x_wconf 88' lang='lat' dir='ltr'>domiuum</span> <span class='ocrx_word' id='word_1_15' title='bbox 667 667 749 720; x_wconf 79' lang='lat' dir='ltr'>offen·</span> <span class='ocrx_word' id='word_1_16' title='bbox 786 668 863 721; x_wconf 80' lang='lat' dir='ltr'>Quod</span> <span class='ocrx_word' id='word_1_17' title='bbox 875 669 944 719; x_wconf 87' lang='lat' dir='ltr'>idern</span> <span class='ocrx_word' id='word_1_18' title='bbox 956 669 982 718; x_wconf 91' lang='lat' dir='ltr'>in</span> <span class='ocrx_word' id='word_1_19' title='bbox 993 667 1097 730; x_wconf 68' lang='lat' dir='ltr'>agmine</span> <span class='ocrx_word' id='word_1_20' title='bbox 1106 669 1255 732; x_wconf 81' lang='lat' dir='ltr'>servabant,</span> <span class='ocrx_word' id='word_1_21' title='bbox 1265 675 1317 723; x_wconf 90' lang='lat' dir='ltr'>etsi</span> 
     </span>
     <span class='ocr_line' id='line_1_4' title="bbox 218 744 1317 811; baseline -0.006 -14"><span class='ocrx_word' id='word_1_22' title='bbox 218 748 305 810; x_wconf 89' lang='lat' dir='ltr'>derat,</span> <span class='ocrx_word' id='word_1_23' title='bbox 324 746 397 811; x_wconf 87' lang='lat' dir='ltr'>qnasi</span> <span class='ocrx_word' id='word_1_24' title='bbox 420 744 454 796; x_wconf 86' lang='lat' dir='ltr'>ad</span> <span class='ocrx_word' id='word_1_25' title='bbox 476 754 578 808; x_wconf 87' lang='lat' dir='ltr'>tempus</span> <span class='ocrx_word' id='word_1_26' title='bbox 597 744 749 810; x_wconf 75' lang='lat' dir='ltr'>relegatus.&#39;</span> <span class='ocrx_word' id='word_1_27' title='bbox 786 759 837 794; x_wconf 92' lang='lat' dir='ltr'>non</span> <span class='ocrx_word' id='word_1_28' title='bbox 848 759 916 794; x_wconf 89' lang='lat' dir='ltr'>mors</span> <span class='ocrx_word' id='word_1_29' title='bbox 928 745 969 794; x_wconf 81' lang='lat' dir='ltr'>iric</span> <span class='ocrx_word' id='word_1_30' title='bbox 981 759 1094 809; x_wconf 81' lang='lat' dir='ltr'>semper,</span> <span class='ocrx_word' id='word_1_31' title='bbox 1110 745 1155 794; x_wconf 86' lang='lat' dir='ltr'>sed</span> <span class='ocrx_word' id='word_1_32' title='bbox 1167 746 1251 796; x_wconf 89' lang='lat' dir='ltr'>minor</span> <span class='ocrx_word' id='word_1_33' title='bbox 1263 761 1317 810; x_wconf 70' lang='lat' dir='ltr'>pm.</span> 
     </span>
     <span class='ocr_line' id='line_1_5' title="bbox 218 820 1318 889; baseline 0.002 -16"><span class='ocrx_word' id='word_1_34' title='bbox 218 823 293 874; x_wconf 85' lang='lat' dir='ltr'>Lisia</span> <span class='ocrx_word' id='word_1_35' title='bbox 304 829 483 889; x_wconf 79' lang='lat' dir='ltr'>qnoque,cata</span> <span class='ocrx_word' id='word_1_36' title='bbox 495 820 662 886; x_wconf 81' lang='lat' dir='ltr'>iilafoemiua,</span> <span class='ocrx_word' id='word_1_37' title='bbox 679 821 749 885; x_wconf 87' lang='lat' dir='ltr'>apud</span> <span class='ocrx_word' id='word_1_38' title='bbox 786 834 829 878; x_wconf 87' lang='lat' dir='ltr'>na,</span> <span class='ocrx_word' id='word_1_39' title='bbox 848 821 891 870; x_wconf 89' lang='lat' dir='ltr'>ubi</span> <span class='ocrx_word' id='word_1_40' title='bbox 910 821 1031 870; x_wconf 85' lang='lat' dir='ltr'>nimirum</span> <span class='ocrx_word' id='word_1_41' title='bbox 1051 821 1135 870; x_wconf 90' lang='lat' dir='ltr'>minor</span> <span class='ocrx_word' id='word_1_42' title='bbox 1150 835 1272 872; x_wconf 81' lang='lat' dir='ltr'>excessus</span> <span class='ocrx_word' id='word_1_43' title='bbox 1289 831 1318 875; x_wconf 90' lang='lat' dir='ltr'>et</span> 
     </span>
     <span class='ocr_line' id='line_1_6' title="bbox 218 896 1316 963; baseline 0.001 -15"><span class='ocrx_word' id='word_1_44' title='bbox 218 899 338 962; x_wconf 80' lang='lat' dir='ltr'>Dionem,</span> <span class='ocrx_word' id='word_1_45' title='bbox 351 901 421 948; x_wconf 87' lang='lat' dir='ltr'>inter</span> <span class='ocrx_word' id='word_1_46' title='bbox 432 898 542 948; x_wconf 83' lang='lat' dir='ltr'>leuiores</span> <span class='ocrx_word' id='word_1_47' title='bbox 554 911 644 962; x_wconf 75' lang='lat' dir='ltr'>poenas</span> <span class='ocrx_word' id='word_1_48' title='bbox 655 898 749 962; x_wconf 87' lang='lat' dir='ltr'>quibus</span> <span class='ocrx_word' id='word_1_49' title='bbox 788 898 928 947; x_wconf 82' lang='lat' dir='ltr'>aberratio.</span> <span class='ocrx_word' id='word_1_50' title='bbox 960 897 1072 950; x_wconf 81' lang='lat' dir='ltr'>Quodsi</span> <span class='ocrx_word' id='word_1_51' title='bbox 1084 896 1166 961; x_wconf 86' lang='lat' dir='ltr'>major</span> <span class='ocrx_word' id='word_1_52' title='bbox 1176 896 1316 963; x_wconf 77' lang='lat' dir='ltr'>profectio,</span> 
     </span>
     <span class='ocr_line' id='line_1_7' title="bbox 217 973 1319 1038; baseline -0.002 -12"><span class='ocrx_word' id='word_1_53' title='bbox 217 975 314 1026; x_wconf 84' lang='lat' dir='ltr'>cisium</span> <span class='ocrx_word' id='word_1_54' title='bbox 334 975 429 1025; x_wconf 87' lang='lat' dir='ltr'>delicta</span> <span class='ocrx_word' id='word_1_55' title='bbox 447 974 569 1038; x_wconf 76' lang='lat' dir='ltr'>castigari</span> <span class='ocrx_word' id='word_1_56' title='bbox 585 975 641 1024; x_wconf 86' lang='lat' dir='ltr'>snit</span> <span class='ocrx_word' id='word_1_57' title='bbox 653 973 685 1023; x_wconf 81' lang='lat' dir='ltr'>ab</span> <span class='ocrx_word' id='word_1_58' title='bbox 698 973 750 1023; x_wconf 90' lang='lat' dir='ltr'>Oc·</span> <span class='ocrx_word' id='word_1_59' title='bbox 787 973 940 1023; x_wconf 83' lang='lat' dir='ltr'>desertionis</span> <span class='ocrx_word' id='word_1_60' title='bbox 951 987 1027 1036; x_wconf 78' lang='lat' dir='ltr'>panna</span> <span class='ocrx_word' id='word_1_61' title='bbox 1038 987 1107 1022; x_wconf 89' lang='lat' dir='ltr'>mors</span> <span class='ocrx_word' id='word_1_62' title='bbox 1122 981 1188 1025; x_wconf 84' lang='lat' dir='ltr'>erat.</span> <span class='ocrx_word' id='word_1_63' title='bbox 1221 974 1319 1024; x_wconf 83' lang='lat' dir='ltr'>Deser-</span> 
     </span>
     <span class='ocr_line' id='line_1_8' title="bbox 219 1049 1318 1116; baseline -0.001 -13"><span class='ocrx_word' id='word_1_64' title='bbox 219 1053 298 1114; x_wconf 79' lang='lat' dir='ltr'>tsrio,</span> <span class='ocrx_word' id='word_1_65' title='bbox 316 1049 470 1102; x_wconf 65' lang='grc' dir='ltr'>κατέκλειεν</span> <span class='ocrx_word' id='word_1_66' title='bbox 488 1053 515 1100; x_wconf 80' lang='lat' dir='ltr'>ir</span> <span class='ocrx_word' id='word_1_67' title='bbox 532 1051 599 1115; x_wconf 68' lang='lat' dir='ltr'>dmi</span> <span class='ocrx_word' id='word_1_68' title='bbox 615 1065 666 1101; x_wconf 90' lang='lat' dir='ltr'>non</span> <span class='ocrx_word' id='word_1_69' title='bbox 683 1064 751 1114; x_wconf 86' lang='lat' dir='ltr'>pras·</span> <span class='ocrx_word' id='word_1_70' title='bbox 787 1056 830 1098; x_wconf 93' lang='lat' dir='ltr'>tor</span> <span class='ocrx_word' id='word_1_71' title='bbox 837 1049 1120 1114; x_wconf 86' lang='lat' dir='ltr'>antemlrabebatnrqui</span> <span class='ocrx_word' id='word_1_72' title='bbox 1128 1049 1318 1116; x_wconf 72' lang='lat' dir='ltr'>longina,qunns</span> 
     </span>
     <span class='ocr_line' id='line_1_9' title="bbox 219 1123 1318 1189; baseline -0.001 -11"><span class='ocrx_word' id='word_1_73' title='bbox 219 1129 353 1178; x_wconf 87' lang='lat' dir='ltr'>termlttit.</span> <span class='ocrx_word' id='word_1_74' title='bbox 372 1127 492 1177; x_wconf 65' lang='lat' dir='ltr'>Casuum·</span> <span class='ocrx_word' id='word_1_75' title='bbox 787 1126 857 1176; x_wconf 90' lang='lat' dir='ltr'>unde</span> <span class='ocrx_word' id='word_1_76' title='bbox 868 1124 931 1175; x_wconf 81' lang='lat' dir='ltr'>tuine</span> <span class='ocrx_word' id='word_1_77' title='bbox 942 1123 1060 1176; x_wconf 81' lang='lat' dir='ltr'>exaudiri</span> <span class='ocrx_word' id='word_1_78' title='bbox 1077 1131 1177 1189; x_wconf 90' lang='lat' dir='ltr'>posset,</span> <span class='ocrx_word' id='word_1_79' title='bbox 1193 1128 1318 1177; x_wconf 85' lang='lat' dir='ltr'>excessis·</span> 
     </span>
     <span class='ocr_line' id='line_1_10' title="bbox 254 1203 1318 1266; baseline 0 -13"><span class='ocrx_word' id='word_1_80' title='bbox 254 1205 325 1253; x_wconf 83' lang='lat' dir='ltr'>citro</span> <span class='ocrx_word' id='word_1_81' title='bbox 339 1205 457 1254; x_wconf 80' lang='lat' dir='ltr'>oomtnodu</span> <span class='ocrx_word' id='word_1_82' title='bbox 475 1204 626 1253; x_wconf 66' lang='lat' dir='ltr'>amaran</span> <span class='ocrx_word' id='word_1_83' title='bbox 642 1203 752 1266; x_wconf 82' lang='lat' dir='ltr'>proentio·</span> <span class='ocrx_word' id='word_1_84' title='bbox 789 1209 839 1251; x_wconf 88' lang='lat' dir='ltr'>set.</span> <span class='ocrx_word' id='word_1_85' title='bbox 872 1203 979 1252; x_wconf 82' lang='lat' dir='ltr'>Suetus.</span> <span class='ocrx_word' id='word_1_86' title='bbox 996 1209 1026 1250; x_wconf 89' lang='lat' dir='ltr'>ut</span> <span class='ocrx_word' id='word_1_87' title='bbox 1043 1215 1137 1251; x_wconf 87' lang='lat' dir='ltr'>norum</span> <span class='ocrx_word' id='word_1_88' title='bbox 1154 1203 1179 1251; x_wconf 91' lang='lat' dir='ltr'>in</span> <span class='ocrx_word' id='word_1_89' title='bbox 1200 1204 1318 1266; x_wconf 74' lang='lat' dir='ltr'>Asrgnsto</span> 
     </span>
     <span class='ocr_line' id='line_1_11' title="bbox 219 1278 1319 1344; baseline 0.001 -16"><span class='ocrx_word' id='word_1_90' title='bbox 219 1279 285 1341; x_wconf 84' lang='lat' dir='ltr'>runt]</span> <span class='ocrx_word' id='word_1_91' title='bbox 313 1279 412 1330; x_wconf 82' lang='lat' dir='ltr'>Forsan</span> <span class='ocrx_word' id='word_1_92' title='bbox 435 1279 591 1344; x_wconf 83' lang='lat' dir='ltr'>interposita</span> <span class='ocrx_word' id='word_1_93' title='bbox 613 1280 706 1343; x_wconf 84' lang='lat' dir='ltr'>copula</span> <span class='ocrx_word' id='word_1_94' title='bbox 728 1285 753 1329; x_wconf 87' lang='lat' dir='ltr'>et</span> <span class='ocrx_word' id='word_1_95' title='bbox 789 1285 875 1340; x_wconf 85' lang='lat' dir='ltr'>notat,</span> <span class='ocrx_word' id='word_1_96' title='bbox 887 1278 957 1343; x_wconf 91' lang='lat' dir='ltr'>qnod</span> <span class='ocrx_word' id='word_1_97' title='bbox 973 1279 1137 1328; x_wconf 84' lang='lat' dir='ltr'>centuriones</span> <span class='ocrx_word' id='word_1_98' title='bbox 1148 1293 1251 1344; x_wconf 91' lang='lat' dir='ltr'>quoqne</span> <span class='ocrx_word' id='word_1_99' title='bbox 1264 1283 1319 1344; x_wconf 84' lang='lat' dir='ltr'>pori</span> 
     </span>
     <span class='ocr_line' id='line_1_12' title="bbox 217 1353 1320 1420; baseline 0.001 -16"><span class='ocrx_word' id='word_1_100' title='bbox 217 1355 370 1417; x_wconf 71' lang='lat' dir='ltr'>pressiorem</span> <span class='ocrx_word' id='word_1_101' title='bbox 396 1361 504 1418; x_wconf 79' lang='lat' dir='ltr'>prestat</span> <span class='ocrx_word' id='word_1_102' title='bbox 530 1355 627 1419; x_wconf 77' lang='lat' dir='ltr'>legere.</span> <span class='ocrx_word' id='word_1_103' title='bbox 671 1353 750 1404; x_wconf 79' lang='lat' dir='ltr'>Aliud</span> <span class='ocrx_word' id='word_1_104' title='bbox 789 1369 848 1404; x_wconf 86' lang='lat' dir='ltr'>euro</span> <span class='ocrx_word' id='word_1_105' title='bbox 860 1355 1062 1420; x_wconf 86' lang='lat' dir='ltr'>manipularibus</span> <span class='ocrx_word' id='word_1_106' title='bbox 1070 1355 1212 1406; x_wconf 84' lang='lat' dir='ltr'>severitate</span> <span class='ocrx_word' id='word_1_107' title='bbox 1220 1357 1320 1407; x_wconf 81' lang='lat' dir='ltr'>habuit.</span> 
     </span>
     <span class='ocr_line' id='line_1_13' title="bbox 220 1430 897 1494; baseline 0 -14"><span class='ocrx_word' id='word_1_108' title='bbox 220 1431 288 1480; x_wconf 87' lang='lat' dir='ltr'>enirn</span> <span class='ocrx_word' id='word_1_109' title='bbox 309 1434 423 1494; x_wconf 75' lang='lat' dir='ltr'>proemia,</span> <span class='ocrx_word' id='word_1_110' title='bbox 442 1430 511 1480; x_wconf 90' lang='lat' dir='ltr'>alind</span> <span class='ocrx_word' id='word_1_111' title='bbox 532 1431 649 1481; x_wconf 78' lang='lat' dir='ltr'>emerita.</span> <span class='ocrx_word' id='word_1_112' title='bbox 682 1431 751 1480; x_wconf 90' lang='lat' dir='ltr'>Natu</span> <span class='ocrx_word' id='word_1_113' title='bbox 789 1430 897 1493; x_wconf 76' lang='lat' dir='ltr'>Lipsius.</span> 
     </span>
     <span class='ocr_line' id='line_1_14' title="bbox 221 1504 1320 1571; baseline 0.002 -17"><span class='ocrx_word' id='word_1_114' title='bbox 221 1506 327 1568; x_wconf 80' lang='lat' dir='ltr'>premia</span> <span class='ocrx_word' id='word_1_115' title='bbox 339 1508 407 1556; x_wconf 88' lang='lat' dir='ltr'>ultra</span> <span class='ocrx_word' id='word_1_116' title='bbox 419 1507 525 1555; x_wconf 88' lang='lat' dir='ltr'>emerita</span> <span class='ocrx_word' id='word_1_117' title='bbox 535 1505 672 1558; x_wconf 76' lang='lat' dir='ltr'>dabuntur.</span> <span class='ocrx_word' id='word_1_118' title='bbox 694 1508 751 1556; x_wconf 88' lang='lat' dir='ltr'>Mo·</span> <span class='ocrx_word' id='word_1_119' title='bbox 821 1504 997 1570; x_wconf 77' lang='lat' dir='ltr'>Moaipalmea]</span> <span class='ocrx_word' id='word_1_120' title='bbox 1020 1506 1131 1568; x_wconf 84' lang='lat' dir='ltr'>Censeo,</span> <span class='ocrx_word' id='word_1_121' title='bbox 1143 1520 1192 1571; x_wconf 87' lang='lat' dir='ltr'>per</span> <span class='ocrx_word' id='word_1_122' title='bbox 1202 1507 1320 1571; x_wconf 85' lang='lat' dir='ltr'>manipn-</span> 
     </span>
     <span class='ocr_line' id='line_1_15' title="bbox 220 1581 1321 1647; baseline 0.002 -17"><span class='ocrx_word' id='word_1_123' title='bbox 220 1581 337 1632; x_wconf 86' lang='lat' dir='ltr'>destinur</span> <span class='ocrx_word' id='word_1_124' title='bbox 359 1582 403 1632; x_wconf 87' lang='lat' dir='ltr'>lib.</span> <span class='ocrx_word' id='word_1_125' title='bbox 421 1595 464 1632; x_wconf 77' lang='grc' dir='ltr'><strong>ιιι.</strong></span> <span class='ocrx_word' id='word_1_126' title='bbox 484 1583 517 1632; x_wconf 90' lang='lat' dir='ltr'>de</span> <span class='ocrx_word' id='word_1_127' title='bbox 535 1596 563 1630; x_wconf 91' lang='lat' dir='ltr'>re</span> <span class='ocrx_word' id='word_1_128' title='bbox 580 1583 657 1633; x_wconf 87' lang='lat' dir='ltr'>milit.</span> <span class='ocrx_word' id='word_1_129' title='bbox 681 1581 752 1634; x_wconf 80' lang='lat' dir='ltr'>‘Qui</span> <span class='ocrx_word' id='word_1_130' title='bbox 790 1583 859 1632; x_wconf 84' lang='lat' dir='ltr'>lares</span> <span class='ocrx_word' id='word_1_131' title='bbox 871 1583 914 1633; x_wconf 84' lang='lat' dir='ltr'>iric</span> <span class='ocrx_word' id='word_1_132' title='bbox 931 1597 982 1632; x_wconf 89' lang='lat' dir='ltr'>non</span> <span class='ocrx_word' id='word_1_133' title='bbox 999 1583 1110 1647; x_wconf 73' lang='lat' dir='ltr'><strong>intelligi</strong></span> <span class='ocrx_word' id='word_1_134' title='bbox 1126 1583 1241 1647; x_wconf 85' lang='lat' dir='ltr'>privatos</span> <span class='ocrx_word' id='word_1_135' title='bbox 1256 1584 1321 1632; x_wconf 90' lang='lat' dir='ltr'>tnill·</span> 
     </span>
     <span class='ocr_line' id='line_1_16' title="bbox 220 1658 1320 1724; baseline 0.002 -18"><span class='ocrx_word' id='word_1_136' title='bbox 220 1658 320 1708; x_wconf 75' lang='lat' dir='ltr'>milities</span> <span class='ocrx_word' id='word_1_137' title='bbox 333 1667 437 1722; x_wconf 86' lang='lat' dir='ltr'>tempus</span> <span class='ocrx_word' id='word_1_138' title='bbox 450 1659 476 1707; x_wconf 92' lang='lat' dir='ltr'>in</span> <span class='ocrx_word' id='word_1_139' title='bbox 496 1658 644 1707; x_wconf 70' lang='lat' dir='ltr'>desertione</span> <span class='ocrx_word' id='word_1_140' title='bbox 662 1658 752 1721; x_wconf 86' lang='lat' dir='ltr'>imple·</span> <span class='ocrx_word' id='word_1_141' title='bbox 789 1658 1227 1722; x_wconf 74' lang='lat' dir='ltr'>tea,sedririilarioaetrignii&#39;eros.</span> <span class='ocrx_word' id='word_1_142' title='bbox 1238 1660 1320 1724; x_wconf 81' lang='lat' dir='ltr'>Quip-</span> 
     </span>
     <span class='ocr_line' id='line_1_17' title="bbox 221 1732 1320 1800; baseline 0 -18"><span class='ocrx_word' id='word_1_143' title='bbox 221 1734 267 1790; x_wconf 86' lang='lat' dir='ltr'>sit,</span> <span class='ocrx_word' id='word_1_144' title='bbox 284 1734 394 1784; x_wconf 88' lang='lat' dir='ltr'>emerito</span> <span class='ocrx_word' id='word_1_145' title='bbox 409 1733 546 1796; x_wconf 69' lang='lat' dir='ltr'>privatur!</span> <span class='ocrx_word' id='word_1_146' title='bbox 578 1733 647 1782; x_wconf 86' lang='lat' dir='ltr'>Item</span> <span class='ocrx_word' id='word_1_147' title='bbox 662 1732 752 1783; x_wconf 75' lang='lat' dir='ltr'>Arrius</span> <span class='ocrx_word' id='word_1_148' title='bbox 789 1749 892 1800; x_wconf 81' lang='lat' dir='ltr'>penum</span> <span class='ocrx_word' id='word_1_149' title='bbox 913 1735 1032 1799; x_wconf 79' lang='lat' dir='ltr'>proxime</span> <span class='ocrx_word' id='word_1_150' title='bbox 1048 1735 1243 1784; x_wconf 75' lang='lat' dir='ltr'>centurionibus</span> <span class='ocrx_word' id='word_1_151' title='bbox 1259 1739 1320 1783; x_wconf 86' lang='lat' dir='ltr'>ann·</span> 
     </span>
     <span class='ocr_line' id='line_1_18' title="bbox 221 1807 1321 1875; baseline 0 -17"><span class='ocrx_word' id='word_1_152' title='bbox 221 1809 367 1858; x_wconf 75' lang='lat' dir='ltr'>Menander</span> <span class='ocrx_word' id='word_1_153' title='bbox 378 1810 445 1858; x_wconf 83' lang='lat' dir='ltr'>libro</span> <span class='ocrx_word' id='word_1_154' title='bbox 456 1821 482 1856; x_wconf 82' lang='lat' dir='ltr'>v.</span> <span class='ocrx_word' id='word_1_155' title='bbox 493 1808 552 1858; x_wconf 89' lang='lat' dir='ltr'>eod.</span> <span class='ocrx_word' id='word_1_156' title='bbox 564 1807 606 1856; x_wconf 83' lang='lat' dir='ltr'>tit.</span> <span class='ocrx_word' id='word_1_157' title='bbox 622 1809 666 1856; x_wconf 90' lang='lat' dir='ltr'>‘et</span> <span class='ocrx_word' id='word_1_158' title='bbox 685 1821 753 1870; x_wconf 85' lang='lat' dir='ltr'>praa·</span> <span class='ocrx_word' id='word_1_159' title='bbox 786 1811 947 1875; x_wconf 72' lang='lat' dir='ltr'>jungantnr3</span> <span class='ocrx_word' id='word_1_160' title='bbox 964 1825 995 1860; x_wconf 89' lang='lat' dir='ltr'>ao</span> <span class='ocrx_word' id='word_1_161' title='bbox 1006 1812 1118 1875; x_wconf 72' lang='lat' dir='ltr'>gregarii</span> <span class='ocrx_word' id='word_1_162' title='bbox 1137 1811 1233 1860; x_wconf 85' lang='lat' dir='ltr'>milites</span> <span class='ocrx_word' id='word_1_163' title='bbox 1249 1811 1321 1858; x_wconf 85' lang='lat' dir='ltr'>deci·</span> 
     </span>
     <span class='ocr_line' id='line_1_19' title="bbox 221 1882 1320 1949; baseline 0.003 -15"><span class='ocrx_word' id='word_1_164' title='bbox 221 1885 282 1946; x_wconf 85' lang='lat' dir='ltr'>mia,</span> <span class='ocrx_word' id='word_1_165' title='bbox 292 1891 320 1935; x_wconf 93' lang='lat' dir='ltr'>et</span> <span class='ocrx_word' id='word_1_166' title='bbox 332 1886 468 1934; x_wconf 86' lang='lat' dir='ltr'>emeritum</span> <span class='ocrx_word' id='word_1_167' title='bbox 485 1882 591 1946; x_wconf 65' lang='lat' dir='ltr'>capiet!</span> <span class='ocrx_word' id='word_1_168' title='bbox 611 1883 720 1933; x_wconf 81' lang='lat' dir='ltr'>Torreat.</span> <span class='ocrx_word' id='word_1_169' title='bbox 790 1888 853 1936; x_wconf 87' lang='lat' dir='ltr'>mati</span> <span class='ocrx_word' id='word_1_170' title='bbox 865 1901 897 1935; x_wconf 86' lang='lat' dir='ltr'>ex</span> <span class='ocrx_word' id='word_1_171' title='bbox 908 1885 1005 1936; x_wconf 83' lang='lat' dir='ltr'>hordeo</span> <span class='ocrx_word' id='word_1_172' title='bbox 1016 1887 1082 1949; x_wconf 86' lang='lat' dir='ltr'>pasti</span> <span class='ocrx_word' id='word_1_173' title='bbox 1101 1886 1230 1936; x_wconf 87' lang='lat' dir='ltr'>dicantur.</span> <span class='ocrx_word' id='word_1_174' title='bbox 1262 1887 1320 1937; x_wconf 89' lang='lat' dir='ltr'>Ma·</span> 
     </span>
     <span class='ocr_line' id='line_1_20' title="bbox 256 1959 1323 2026; baseline 0.001 -16"><span class='ocrx_word' id='word_1_175' title='bbox 256 1961 441 2025; x_wconf 74' lang='lat' dir='ltr'>Ecmotomrs&#39;t]</span> <span class='ocrx_word' id='word_1_176' title='bbox 470 1959 572 2010; x_wconf 81' lang='lat' dir='ltr'>Militiae</span> <span class='ocrx_word' id='word_1_177' title='bbox 591 1967 754 2008; x_wconf 86' lang='lat' dir='ltr'>sacramento</span> <span class='ocrx_word' id='word_1_178' title='bbox 790 1963 905 2026; x_wconf 87' lang='lat' dir='ltr'>nipuinrn</span> <span class='ocrx_word' id='word_1_179' title='bbox 915 1975 979 2013; x_wconf 84' lang='lat' dir='ltr'>sero</span> <span class='ocrx_word' id='word_1_180' title='bbox 995 1962 1126 2012; x_wconf 84' lang='lat' dir='ltr'>interdum</span> <span class='ocrx_word' id='word_1_181' title='bbox 1139 1971 1229 2011; x_wconf 88' lang='lat' dir='ltr'>notare</span> <span class='ocrx_word' id='word_1_182' title='bbox 1241 1963 1323 2026; x_wconf 77' lang='lat' dir='ltr'>signi·</span> 
     </span>
     <span class='ocr_line' id='line_1_21' title="bbox 222 2035 1320 2096; baseline 0.004 -12"><span class='ocrx_word' id='word_1_183' title='bbox 222 2035 308 2084; x_wconf 80' lang='lat' dir='ltr'>solvit.</span> <span class='ocrx_word' id='word_1_184' title='bbox 323 2036 399 2084; x_wconf 82' lang='lat' dir='ltr'>Rern.</span> <span class='ocrx_word' id='word_1_185' title='bbox 789 2037 884 2096; x_wconf 78' lang='lat' dir='ltr'>ferum,</span> <span class='ocrx_word' id='word_1_186' title='bbox 901 2051 976 2090; x_wconf 88' lang='lat' dir='ltr'>antor</span> <span class='ocrx_word' id='word_1_187' title='bbox 994 2048 1035 2089; x_wconf 85' lang='lat' dir='ltr'>est</span> <span class='ocrx_word' id='word_1_188' title='bbox 1050 2039 1158 2089; x_wconf 49' lang='lat' dir='ltr'>¹Servius</span> <span class='ocrx_word' id='word_1_189' title='bbox 1175 2039 1208 2087; x_wconf 86' lang='lat' dir='ltr'>nd</span> <span class='ocrx_word' id='word_1_190' title='bbox 1227 2053 1259 2088; x_wconf 88' lang='lat' dir='ltr'>rs.</span> <span class='ocrx_word' id='word_1_191' title='bbox 1278 2039 1320 2088; x_wconf 71' lang='grc' dir='ltr'>Ε·</span> 
     </span>
     <span class='ocr_line' id='line_1_22' title="bbox 256 2109 1320 2178; baseline -0.004 -18"><span class='ocrx_word' id='word_1_192' title='bbox 256 2109 405 2173; x_wconf 79' lang='lat' dir='ltr'>Decimotus]</span> <span class='ocrx_word' id='word_1_193' title='bbox 433 2110 567 2160; x_wconf 82' lang='lat' dir='ltr'>Macrinus</span> <span class='ocrx_word' id='word_1_194' title='bbox 594 2109 753 2172; x_wconf 73' lang='lat' dir='ltr'>Imperator,</span> <span class='ocrx_word' id='word_1_195' title='bbox 791 2113 1050 2165; x_wconf 63' lang='lat' dir='ltr'>aeidumnmt.</span> <span class='ocrx_word' id='word_1_196' title='bbox 1070 2115 1320 2178; x_wconf 63' lang='lat' dir='ltr'>Mmtpalanamse.</span> 
     </span>
     <span class='ocr_line' id='line_1_23' title="bbox 223 2185 1321 2256; baseline 0.004 -21"><span class='ocrx_word' id='word_1_197' title='bbox 223 2186 414 2237; x_wconf 79' lang='lat' dir='ltr'>authoredulio</span> <span class='ocrx_word' id='word_1_198' title='bbox 430 2187 589 2250; x_wconf 85' lang='lat' dir='ltr'>Capitolino,</span> <span class='ocrx_word' id='word_1_199' title='bbox 608 2199 666 2237; x_wconf 86' lang='lat' dir='ltr'>cons</span> <span class='ocrx_word' id='word_1_200' title='bbox 686 2185 754 2234; x_wconf 83' lang='lat' dir='ltr'>sedi·</span> <span class='ocrx_word' id='word_1_201' title='bbox 791 2189 876 2256; x_wconf 48' lang='grc' dir='ltr'>μὴ</span> <span class='ocrx_word' id='word_1_202' title='bbox 888 2191 991 2240; x_wconf 82' lang='lat' dir='ltr'>milites.</span> <span class='ocrx_word' id='word_1_203' title='bbox 1019 2191 1321 2255; x_wconf 85' lang='lat' dir='ltr'>NamquodMarcellns</span> 
     </span>
     <span class='ocr_line' id='line_1_24' title="bbox 224 2262 1321 2330; baseline 0.005 -22"><span class='ocrx_word' id='word_1_204' title='bbox 224 2265 309 2311; x_wconf 80' lang='lat' dir='ltr'>tiones</span> <span class='ocrx_word' id='word_1_205' title='bbox 334 2262 461 2311; x_wconf 82' lang='lat' dir='ltr'>militares</span> <span class='ocrx_word' id='word_1_206' title='bbox 489 2269 632 2324; x_wconf 83' lang='lat' dir='ltr'>pateretur,</span> <span class='ocrx_word' id='word_1_207' title='bbox 659 2262 754 2312; x_wconf 86' lang='lat' dir='ltr'>multos</span> <span class='ocrx_word' id='word_1_208' title='bbox 792 2265 1321 2330; x_wconf 75' lang='lat' dir='ltr'>Donatussigniierositicinterpretatnr,</span> 
     </span>
     <span class='ocr_line' id='line_1_25' title="bbox 223 2337 1322 2404; baseline 0.004 -18"><span class='ocrx_word' id='word_1_209' title='bbox 223 2337 373 2402; x_wconf 80' lang='lat' dir='ltr'>decimavit,</span> <span class='ocrx_word' id='word_1_210' title='bbox 389 2337 528 2401; x_wconf 86' lang='lat' dir='ltr'>aliqnando</span> <span class='ocrx_word' id='word_1_211' title='bbox 544 2337 753 2395; x_wconf 65' lang='lat' dir='ltr'>etiamoentesi·</span> <span class='ocrx_word' id='word_1_212' title='bbox 791 2341 894 2389; x_wconf 83' lang='lat' dir='ltr'>rutinae</span> <span class='ocrx_word' id='word_1_213' title='bbox 925 2348 1005 2390; x_wconf 84' lang='lat' dir='ltr'>caret.</span> <span class='ocrx_word' id='word_1_214' title='bbox 1041 2341 1111 2390; x_wconf 88' lang='lat' dir='ltr'>Dicti</span> <span class='ocrx_word' id='word_1_215' title='bbox 1138 2341 1322 2404; x_wconf 71' lang='lat' dir='ltr'>manipulares,</span> 
     </span>
     <span class='ocr_line' id='line_1_26' title="bbox 223 2412 1321 2480; baseline 0.003 -17"><span class='ocrx_word' id='word_1_216' title='bbox 223 2413 401 2478; x_wconf 80' lang='lat' dir='ltr'>marittquod</span> <span class='ocrx_word' id='word_1_217' title='bbox 414 2413 519 2462; x_wconf 77' lang='lat' dir='ltr'>uerbum</span> <span class='ocrx_word' id='word_1_218' title='bbox 532 2412 662 2476; x_wconf 87' lang='lat' dir='ltr'>proprium</span> <span class='ocrx_word' id='word_1_219' title='bbox 672 2412 754 2475; x_wconf 81' lang='lat' dir='ltr'>ipsius</span> <span class='ocrx_word' id='word_1_220' title='bbox 791 2415 859 2480; x_wconf 86' lang='lat' dir='ltr'>quod</span> <span class='ocrx_word' id='word_1_221' title='bbox 881 2417 1000 2479; x_wconf 85' lang='lat' dir='ltr'>primitus</span> <span class='ocrx_word' id='word_1_222' title='bbox 1021 2415 1102 2466; x_wconf 82' lang='lat' dir='ltr'>itastis</span> <span class='ocrx_word' id='word_1_223' title='bbox 1131 2417 1236 2480; x_wconf 66' lang='lat' dir='ltr'>alligata</span> <span class='ocrx_word' id='word_1_224' title='bbox 1257 2414 1321 2466; x_wconf 75' lang='lat' dir='ltr'>imni</span> 
     </span>
     <span class='ocr_line' id='line_1_27' title="bbox 221 2487 1322 2557; baseline 0.002 -18"><span class='ocrx_word' id='word_1_225' title='bbox 221 2498 292 2550; x_wconf 88' lang='lat' dir='ltr'>etat,</span> <span class='ocrx_word' id='word_1_226' title='bbox 314 2503 391 2554; x_wconf 90' lang='lat' dir='ltr'>qnnm</span> <span class='ocrx_word' id='word_1_227' title='bbox 413 2503 442 2538; x_wconf 83' lang='lat' dir='ltr'>sc</span> <span class='ocrx_word' id='word_1_228' title='bbox 467 2489 623 2538; x_wconf 87' lang='lat' dir='ltr'>clementem</span> <span class='ocrx_word' id='word_1_229' title='bbox 645 2487 755 2550; x_wconf 85' lang='lat' dir='ltr'>diceret,</span> <span class='ocrx_word' id='word_1_230' title='bbox 791 2490 923 2556; x_wconf 86' lang='lat' dir='ltr'>manipula</span> <span class='ocrx_word' id='word_1_231' title='bbox 944 2504 991 2555; x_wconf 88' lang='lat' dir='ltr'>pro</span> <span class='ocrx_word' id='word_1_232' title='bbox 1009 2493 1163 2544; x_wconf 82' lang='lat' dir='ltr'>militaribus</span> <span class='ocrx_word' id='word_1_233' title='bbox 1180 2493 1262 2557; x_wconf 78' lang='lat' dir='ltr'>signis</span> <span class='ocrx_word' id='word_1_234' title='bbox 1280 2507 1322 2542; x_wconf 90' lang='lat' dir='ltr'>es·</span> 
     </span>
     <span class='ocr_line' id='line_1_28' title="bbox 223 2564 1322 2634; baseline 0.005 -19"><span class='ocrx_word' id='word_1_235' title='bbox 223 2567 327 2630; x_wconf 85' lang='lat' dir='ltr'>quondo</span> <span class='ocrx_word' id='word_1_236' title='bbox 348 2579 392 2615; x_wconf 90' lang='lat' dir='ltr'>eos</span> <span class='ocrx_word' id='word_1_237' title='bbox 408 2565 601 2625; x_wconf 81' lang='lat' dir='ltr'>centesimaret,</span> <span class='ocrx_word' id='word_1_238' title='bbox 619 2564 663 2627; x_wconf 90' lang='lat' dir='ltr'>qui</span> <span class='ocrx_word' id='word_1_239' title='bbox 683 2565 754 2626; x_wconf 70' lang='lat' dir='ltr'>digni</span> <span class='ocrx_word' id='word_1_240' title='bbox 791 2575 858 2616; x_wconf 86' lang='lat' dir='ltr'>tent.</span> <span class='ocrx_word' id='word_1_241' title='bbox 891 2567 1022 2618; x_wconf 83' lang='lat' dir='ltr'>Ovidius:</span> <span class='ocrx_word' id='word_1_242' title='bbox 1039 2569 1165 2619; x_wconf 76' lang='lat' dir='ltr'>‘Portica</span> <span class='ocrx_word' id='word_1_243' title='bbox 1183 2583 1322 2634; x_wconf 76' lang='lat' dir='ltr'>susspensus</span> 
     </span>
    </p>
   </div>
   <div class='ocr_carea' id='block_1_3' title="bbox 223 2639 1399 2709">
    <p class='ocr_par' dir='ltr' id='par_1_3' title="bbox 223 2639 1399 2709">
     <span class='ocr_line' id='line_1_29' title="bbox 223 2639 1399 2709; baseline 0.003 -16"><span class='ocrx_word' id='word_1_244' title='bbox 223 2650 310 2693; x_wconf 82' lang='lat' dir='ltr'>cenent</span> <span class='ocrx_word' id='word_1_245' title='bbox 329 2642 501 2692; x_wconf 71' lang='lat' dir='ltr'>decimatione</span> <span class='ocrx_word' id='word_1_246' title='bbox 521 2649 599 2704; x_wconf 80' lang='lat' dir='ltr'>atque</span> <span class='ocrx_word' id='word_1_247' title='bbox 617 2639 753 2702; x_wconf 76' lang='lat' dir='ltr'>stgaatroa·</span> <span class='ocrx_word' id='word_1_248' title='bbox 793 2644 917 2709; x_wconf 81' lang='lat' dir='ltr'>portabat</span> <span class='ocrx_word' id='word_1_249' title='bbox 928 2646 1005 2708; x_wconf 73' lang='lat' dir='ltr'>longe</span> <span class='ocrx_word' id='word_1_250' title='bbox 1020 2645 1163 2707; x_wconf 79' lang='lat' dir='ltr'>maniplosr</span> <span class='ocrx_word' id='word_1_251' title='bbox 1182 2646 1259 2694; x_wconf 87' lang='lat' dir='ltr'>Unde</span> <span class='ocrx_word' id='word_1_252' title='bbox 1271 2659 1323 2696; x_wconf 84' lang='lat' dir='ltr'>nra·</span> <span class='ocrx_word' id='word_1_253' title='bbox 1397 2665 1399 2670; x_wconf 95' lang='lat'>·</span> 
     </span>
    </p>
   </div>
   <div class='ocr_carea' id='block_1_4' title="bbox 223 2719 1384 4377">
    <p class='ocr_par' dir='ltr' id='par_1_4' title="bbox 223 2719 1384 4377">
     <span class='ocr_line' id='line_1_30' title="bbox 224 2719 1302 2784; baseline -0.002 -14"><span class='ocrx_word' id='word_1_254' title='bbox 224 2720 305 2770; x_wconf 88' lang='lat' dir='ltr'>tione.</span> <span class='ocrx_word' id='word_1_255' title='bbox 321 2719 435 2770; x_wconf 77' lang='lat' dir='ltr'>Beroald.</span> <span class='ocrx_word' id='word_1_256' title='bbox 793 2720 900 2784; x_wconf 89' lang='lat' dir='ltr'>nlplaris</span> <span class='ocrx_word' id='word_1_257' title='bbox 914 2721 1017 2769; x_wconf 88' lang='lat' dir='ltr'>uomina</span> <span class='ocrx_word' id='word_1_258' title='bbox 1028 2721 1102 2769; x_wconf 86' lang='lat' dir='ltr'>miles</span> <span class='ocrx_word' id='word_1_259' title='bbox 1114 2719 1208 2769; x_wconf 79' lang='lat' dir='ltr'>liaben&#39;</span> <span class='ocrx_word' id='word_1_260' title='bbox 1226 2719 1302 2770; x_wconf 80' lang='lat' dir='ltr'>Rem.</span> 
     </span>
     <span class='ocr_line' id='line_1_31' title="bbox 256 2789 1323 2859; baseline 0 -13"><span class='ocrx_word' id='word_1_261' title='bbox 256 2797 394 2846; x_wconf 70' lang='lat' dir='ltr'>Decimum</span> <span class='ocrx_word' id='word_1_262' title='bbox 404 2794 490 2844; x_wconf 81' lang='lat' dir='ltr'>lordeo</span> <span class='ocrx_word' id='word_1_263' title='bbox 508 2789 588 2855; x_wconf 76' lang='lat' dir='ltr'>punit]</span> <span class='ocrx_word' id='word_1_264' title='bbox 612 2789 665 2852; x_wconf 75' lang='lat' dir='ltr'>lto,</span> <span class='ocrx_word' id='word_1_265' title='bbox 676 2803 754 2855; x_wconf 90' lang='lat' dir='ltr'>qnnnt</span> <span class='ocrx_word' id='word_1_266' title='bbox 829 2797 865 2845; x_wconf 87' lang='lat' dir='ltr'>Ut</span> <span class='ocrx_word' id='word_1_267' title='bbox 874 2803 939 2845; x_wconf 80' lang='lat' dir='ltr'>stare</span> <span class='ocrx_word' id='word_1_268' title='bbox 947 2809 991 2858; x_wconf 82' lang='lat' dir='ltr'>prr</span> <span class='ocrx_word' id='word_1_269' title='bbox 1001 2800 1076 2844; x_wconf 83' lang='lat' dir='ltr'>totum</span> <span class='ocrx_word' id='word_1_270' title='bbox 1086 2795 1264 2859; x_wconf 74' lang='lat' dir='ltr'>utemjaomt]</span> <span class='ocrx_word' id='word_1_271' title='bbox 1280 2797 1323 2846; x_wconf 89' lang='lat' dir='ltr'>In·</span> 
     </span>
     <span class='ocr_line' id='line_1_32' title="bbox 225 2867 1323 2936; baseline 0.001 -15"><span class='ocrx_word' id='word_1_272' title='bbox 225 2873 367 2936; x_wconf 87' lang='lat' dir='ltr'>periculum</span> <span class='ocrx_word' id='word_1_273' title='bbox 387 2876 416 2920; x_wconf 88' lang='lat' dir='ltr'>et</span> <span class='ocrx_word' id='word_1_274' title='bbox 434 2875 519 2918; x_wconf 86' lang='lat' dir='ltr'>suetus</span> <span class='ocrx_word' id='word_1_275' title='bbox 539 2867 613 2916; x_wconf 88' lang='lat' dir='ltr'>sortis</span> <span class='ocrx_word' id='word_1_276' title='bbox 631 2881 662 2915; x_wconf 83' lang='lat' dir='ltr'>ex</span> <span class='ocrx_word' id='word_1_277' title='bbox 681 2881 756 2932; x_wconf 75' lang='lat' dir='ltr'>eqno</span> <span class='ocrx_word' id='word_1_278' title='bbox 792 2870 1323 2922; x_wconf 80' lang='lat' dir='ltr'>terlesioresanimadrenionesseternm</span> 
     </span>
     <span class='ocr_line' id='line_1_33' title="bbox 223 2943 1323 3010; baseline -0.001 -13"><span class='ocrx_word' id='word_1_279' title='bbox 223 2946 343 2997; x_wconf 84' lang='lat' dir='ltr'>omnibns</span> <span class='ocrx_word' id='word_1_280' title='bbox 355 2943 522 3008; x_wconf 71' lang='lat' dir='ltr'>impendeat,</span> <span class='ocrx_word' id='word_1_281' title='bbox 532 2955 608 2992; x_wconf 90' lang='lat' dir='ltr'>nemo</span> <span class='ocrx_word' id='word_1_282' title='bbox 617 2943 684 2992; x_wconf 88' lang='lat' dir='ltr'>enim</span> <span class='ocrx_word' id='word_1_283' title='bbox 697 2945 756 3006; x_wconf 84' lang='lat' dir='ltr'>scit,</span> <span class='ocrx_word' id='word_1_284' title='bbox 792 2943 935 2996; x_wconf 79' lang='lat' dir='ltr'>lueruntet</span> <span class='ocrx_word' id='word_1_285' title='bbox 942 2943 1007 3010; x_wconf 69' lang='lat' dir='ltr'>inpos</span> <span class='ocrx_word' id='word_1_286' title='bbox 1015 2954 1043 2997; x_wconf 88' lang='lat' dir='ltr'>et</span> <span class='ocrx_word' id='word_1_287' title='bbox 1053 2945 1151 2996; x_wconf 71' lang='grc' dir='ltr'><strong><em>πόσοις</em></strong></span> <span class='ocrx_word' id='word_1_288' title='bbox 1158 2944 1245 3006; x_wconf 67' lang='grc' dir='ltr'><strong><em>ἄτιμοι.</em></strong></span> <span class='ocrx_word' id='word_1_289' title='bbox 1260 2949 1323 2996; x_wconf 89' lang='lat' dir='ltr'>Plu·</span> 
     </span>
     <span class='ocr_line' id='line_1_34' title="bbox 224 3019 1324 3086; baseline 0.001 -14"><span class='ocrx_word' id='word_1_290' title='bbox 224 3024 252 3072; x_wconf 94' lang='lat' dir='ltr'>in</span> <span class='ocrx_word' id='word_1_291' title='bbox 271 3035 348 3086; x_wconf 87' lang='lat' dir='ltr'>quem</span> <span class='ocrx_word' id='word_1_292' title='bbox 369 3034 401 3070; x_wconf 83' lang='lat' dir='ltr'>es</span> <span class='ocrx_word' id='word_1_293' title='bbox 422 3019 456 3068; x_wconf 85' lang='lat' dir='ltr'>sit</span> <span class='ocrx_word' id='word_1_294' title='bbox 476 3033 585 3078; x_wconf 72' lang='lat' dir='ltr'>cunrat</span> <span class='ocrx_word' id='word_1_295' title='bbox 607 3020 755 3082; x_wconf 82' lang='lat' dir='ltr'>exemplum</span> <span class='ocrx_word' id='word_1_296' title='bbox 792 3022 904 3083; x_wconf 79' lang='lat' dir='ltr'>tarenos,</span> <span class='ocrx_word' id='word_1_297' title='bbox 920 3021 946 3071; x_wconf 92' lang='lat' dir='ltr'>in</span> <span class='ocrx_word' id='word_1_298' title='bbox 965 3020 1091 3083; x_wconf 76' lang='lat' dir='ltr'>Antonio,</span> <span class='ocrx_word' id='word_1_299' title='bbox 1111 3021 1215 3072; x_wconf 66' lang='lat' dir='ltr'>anetae</span> <span class='ocrx_word' id='word_1_300' title='bbox 1233 3021 1324 3084; x_wconf 60' lang='lat' dir='ltr'>estnon</span> 
     </span>
     <span class='ocr_line' id='line_1_35' title="bbox 225 3093 1325 3160; baseline 0.003 -14"><span class='ocrx_word' id='word_1_301' title='bbox 225 3105 312 3148; x_wconf 86' lang='lat' dir='ltr'>entem</span> <span class='ocrx_word' id='word_1_302' title='bbox 325 3095 447 3148; x_wconf 79' lang='lat' dir='ltr'>vescendi</span> <span class='ocrx_word' id='word_1_303' title='bbox 467 3108 500 3143; x_wconf 84' lang='lat' dir='ltr'>ex</span> <span class='ocrx_word' id='word_1_304' title='bbox 519 3093 617 3144; x_wconf 79' lang='lat' dir='ltr'>hordeo</span> <span class='ocrx_word' id='word_1_305' title='bbox 628 3095 654 3143; x_wconf 95' lang='lat' dir='ltr'>in</span> <span class='ocrx_word' id='word_1_306' title='bbox 666 3107 755 3144; x_wconf 80' lang='lat' dir='ltr'>omnen</span> <span class='ocrx_word' id='word_1_307' title='bbox 792 3095 1066 3160; x_wconf 69' lang='lat' dir='ltr'>npoamnaeii&#39;sniosnon</span> <span class='ocrx_word' id='word_1_308' title='bbox 1078 3096 1239 3147; x_wconf 78' lang='lat' dir='ltr'>dissimiliter</span> <span class='ocrx_word' id='word_1_309' title='bbox 1248 3098 1325 3150; x_wconf 83' lang='lat' dir='ltr'>disit.</span> 
     </span>
     <span class='ocr_line' id='line_1_36' title="bbox 224 3171 1325 3237; baseline 0.002 -15"><span class='ocrx_word' id='word_1_310' title='bbox 224 3173 324 3237; x_wconf 87' lang='lat' dir='ltr'>puriter</span> <span class='ocrx_word' id='word_1_311' title='bbox 345 3171 449 3233; x_wconf 84' lang='lat' dir='ltr'>edatur,</span> <span class='ocrx_word' id='word_1_312' title='bbox 464 3171 513 3220; x_wconf 85' lang='lat' dir='ltr'>itoc</span> <span class='ocrx_word' id='word_1_313' title='bbox 529 3171 659 3232; x_wconf 90' lang='lat' dir='ltr'>instituto,</span> <span class='ocrx_word' id='word_1_314' title='bbox 679 3183 755 3234; x_wconf 84' lang='lat' dir='ltr'>quant</span> <span class='ocrx_word' id='word_1_315' title='bbox 794 3173 907 3236; x_wconf 83' lang='lat' dir='ltr'>Reperio</span> <span class='ocrx_word' id='word_1_316' title='bbox 918 3173 943 3221; x_wconf 86' lang='lat' dir='ltr'>in</span> <span class='ocrx_word' id='word_1_317' title='bbox 963 3172 1104 3236; x_wconf 73' lang='lat' dir='ltr'>discipline</span> <span class='ocrx_word' id='word_1_318' title='bbox 1121 3173 1227 3223; x_wconf 88' lang='lat' dir='ltr'>militari</span> <span class='ocrx_word' id='word_1_319' title='bbox 1239 3173 1325 3224; x_wconf 87' lang='lat' dir='ltr'>Daco-</span> 
     </span>
     <span class='ocr_line' id='line_1_37' title="bbox 224 3247 1325 3314; baseline 0.001 -15"><span class='ocrx_word' id='word_1_320' title='bbox 224 3253 338 3300; x_wconf 78' lang='lat' dir='ltr'>msuime</span> <span class='ocrx_word' id='word_1_321' title='bbox 353 3255 456 3314; x_wconf 88' lang='lat' dir='ltr'>poterat</span> <span class='ocrx_word' id='word_1_322' title='bbox 473 3247 540 3305; x_wconf 85' lang='lat' dir='ltr'>lieri,</span> <span class='ocrx_word' id='word_1_323' title='bbox 557 3249 757 3300; x_wconf 81' lang='lat' dir='ltr'>consultumest</span> <span class='ocrx_word' id='word_1_324' title='bbox 793 3263 851 3299; x_wconf 88' lang='lat' dir='ltr'>rum</span> <span class='ocrx_word' id='word_1_325' title='bbox 881 3249 990 3299; x_wconf 81' lang='lat' dir='ltr'>similem</span> <span class='ocrx_word' id='word_1_326' title='bbox 1017 3250 1250 3303; x_wconf 80' lang='lat' dir='ltr'>animaduersionis</span> <span class='ocrx_word' id='word_1_327' title='bbox 1272 3265 1325 3300; x_wconf 87' lang='lat' dir='ltr'>mo·</span> 
     </span>
     <span class='ocr_line' id='line_1_38' title="bbox 225 3323 1384 3396; baseline 0.002 -22"><span class='ocrx_word' id='word_1_328' title='bbox 225 3325 329 3389; x_wconf 87' lang='lat' dir='ltr'>ntrique</span> <span class='ocrx_word' id='word_1_329' title='bbox 341 3325 395 3384; x_wconf 84' lang='lat' dir='ltr'>rei;</span> <span class='ocrx_word' id='word_1_330' title='bbox 414 3330 444 3372; x_wconf 91' lang='lat' dir='ltr'>nt</span> <span class='ocrx_word' id='word_1_331' title='bbox 459 3329 488 3372; x_wconf 92' lang='lat' dir='ltr'>et</span> <span class='ocrx_word' id='word_1_332' title='bbox 500 3331 583 3372; x_wconf 87' lang='lat' dir='ltr'>terror</span> <span class='ocrx_word' id='word_1_333' title='bbox 595 3323 755 3387; x_wconf 81' lang='lat' dir='ltr'>injiceretur,</span> <span class='ocrx_word' id='word_1_334' title='bbox 793 3326 862 3376; x_wconf 87' lang='lat' dir='ltr'>dnm.</span> <span class='ocrx_word' id='word_1_335' title='bbox 887 3325 1008 3377; x_wconf 57' lang='lat' dir='ltr'>,lustinus</span> <span class='ocrx_word' id='word_1_336' title='bbox 1030 3327 1097 3376; x_wconf 82' lang='lat' dir='ltr'>libro</span> <span class='ocrx_word' id='word_1_337' title='bbox 1121 3335 1215 3376; x_wconf 83' lang='lat' dir='ltr'>nxtt.</span> <span class='ocrx_word' id='word_1_338' title='bbox 1237 3327 1323 3378; x_wconf 78' lang='lat' dir='ltr'>‘Daci</span> <span class='ocrx_word' id='word_1_339' title='bbox 1379 3387 1384 3396; x_wconf 28' lang='grc' dir='ltr'>ἱ</span> 
     </span>
     <span class='ocr_line' id='line_1_39' title="bbox 224 3399 1324 3466; baseline 0 -14"><span class='ocrx_word' id='word_1_340' title='bbox 224 3410 404 3464; x_wconf 79' lang='lat' dir='ltr'>etacceptum</span> <span class='ocrx_word' id='word_1_341' title='bbox 416 3399 756 3450; x_wconf 79' lang='lat' dir='ltr'>detrimentumaarciretur·</span> <span class='ocrx_word' id='word_1_342' title='bbox 793 3401 896 3451; x_wconf 85' lang='lat' dir='ltr'>soboles</span> <span class='ocrx_word' id='word_1_343' title='bbox 906 3401 1032 3451; x_wconf 83' lang='lat' dir='ltr'>Getarum</span> <span class='ocrx_word' id='word_1_344' title='bbox 1041 3408 1118 3452; x_wconf 83' lang='lat' dir='ltr'>sunt:</span> <span class='ocrx_word' id='word_1_345' title='bbox 1136 3405 1246 3466; x_wconf 84' lang='lat' dir='ltr'>quicum</span> <span class='ocrx_word' id='word_1_346' title='bbox 1256 3403 1324 3452; x_wconf 89' lang='lat' dir='ltr'>Oru-</span> 
     </span>
     <span class='ocr_line' id='line_1_40' title="bbox 227 3475 1324 3542; baseline 0.002 -15"><span class='ocrx_word' id='word_1_347' title='bbox 227 3475 363 3540; x_wconf 78' lang='lat' dir='ltr'>l’olyisins·</span> <span class='ocrx_word' id='word_1_348' title='bbox 793 3477 818 3526; x_wconf 90' lang='lat' dir='ltr'>le</span> <span class='ocrx_word' id='word_1_349' title='bbox 830 3490 892 3542; x_wconf 74' lang='lat' dir='ltr'>rege</span> <span class='ocrx_word' id='word_1_350' title='bbox 902 3478 1026 3527; x_wconf 84' lang='lat' dir='ltr'>adsersus</span> <span class='ocrx_word' id='word_1_351' title='bbox 1035 3479 1176 3529; x_wconf 74' lang='lat' dir='ltr'>Basternas</span> <span class='ocrx_word' id='word_1_352' title='bbox 1186 3481 1254 3529; x_wconf 88' lang='lat' dir='ltr'>male</span> <span class='ocrx_word' id='word_1_353' title='bbox 1262 3493 1324 3542; x_wconf 74' lang='lat' dir='ltr'>pug-</span> 
     </span>
     <span class='ocr_line' id='line_1_41' title="bbox 258 3549 1324 3618; baseline 0.007 -21"><span class='ocrx_word' id='word_1_354' title='bbox 258 3553 369 3603; x_wconf 74' lang='lat' dir='ltr'>Stnta&#39;ose</span> <span class='ocrx_word' id='word_1_355' title='bbox 388 3549 495 3612; x_wconf 78' lang='lat' dir='ltr'>decerto]</span> <span class='ocrx_word' id='word_1_356' title='bbox 530 3550 594 3599; x_wconf 78' lang='lat' dir='ltr'>Fnit</span> <span class='ocrx_word' id='word_1_357' title='bbox 619 3549 756 3600; x_wconf 84' lang='lat' dir='ltr'>matricula</span> <span class='ocrx_word' id='word_1_358' title='bbox 793 3559 908 3610; x_wconf 88' lang='lat' dir='ltr'>nassent,</span> <span class='ocrx_word' id='word_1_359' title='bbox 924 3553 956 3603; x_wconf 82' lang='lat' dir='ltr'>ud</span> <span class='ocrx_word' id='word_1_360' title='bbox 975 3553 1099 3603; x_wconf 89' lang='lat' dir='ltr'>ultionem</span> <span class='ocrx_word' id='word_1_361' title='bbox 1117 3555 1244 3616; x_wconf 70' lang='lat' dir='ltr'>segnitiae,</span> <span class='ocrx_word' id='word_1_362' title='bbox 1262 3569 1324 3618; x_wconf 89' lang='lat' dir='ltr'>cap·-</span> 
     </span>
     <span class='ocr_line' id='line_1_42' title="bbox 225 3625 1324 3695; baseline 0.004 -19"><span class='ocrx_word' id='word_1_363' title='bbox 225 3629 344 3693; x_wconf 80' lang='lat' dir='ltr'>qnaedum</span> <span class='ocrx_word' id='word_1_364' title='bbox 362 3625 459 3676; x_wconf 87' lang='lat' dir='ltr'>ordinis</span> <span class='ocrx_word' id='word_1_365' title='bbox 478 3639 493 3674; x_wconf 85' lang='lat' dir='ltr'>a</span> <span class='ocrx_word' id='word_1_366' title='bbox 512 3626 663 3675; x_wconf 84' lang='lat' dir='ltr'>centurione</span> <span class='ocrx_word' id='word_1_367' title='bbox 681 3627 755 3675; x_wconf 87' lang='lat' dir='ltr'>insti·</span> <span class='ocrx_word' id='word_1_368' title='bbox 794 3630 845 3679; x_wconf 90' lang='lat' dir='ltr'>tori</span> <span class='ocrx_word' id='word_1_369' title='bbox 857 3643 972 3678; x_wconf 86' lang='lat' dir='ltr'>sornnnrn</span> <span class='ocrx_word' id='word_1_370' title='bbox 990 3629 1078 3694; x_wconf 80' lang='lat' dir='ltr'>capite</span> <span class='ocrx_word' id='word_1_371' title='bbox 1094 3632 1151 3681; x_wconf 86' lang='lat' dir='ltr'>ioco</span> <span class='ocrx_word' id='word_1_372' title='bbox 1166 3630 1260 3695; x_wconf 84' lang='lat' dir='ltr'>pedum</span> <span class='ocrx_word' id='word_1_373' title='bbox 1278 3645 1324 3695; x_wconf 89' lang='lat' dir='ltr'>po·</span> 
     </span>
     <span class='ocr_line' id='line_1_43' title="bbox 226 3700 1324 3769; baseline 0.001 -15"><span class='ocrx_word' id='word_1_374' title='bbox 226 3705 292 3766; x_wconf 67' lang='lat' dir='ltr'>tutia</span> <span class='ocrx_word' id='word_1_375' title='bbox 311 3717 369 3753; x_wconf 82' lang='lat' dir='ltr'>nens</span> <span class='ocrx_word' id='word_1_376' title='bbox 380 3713 439 3751; x_wconf 89' lang='lat' dir='ltr'>snos</span> <span class='ocrx_word' id='word_1_377' title='bbox 447 3701 525 3763; x_wconf 78' lang='lat' dir='ltr'>juxta</span> <span class='ocrx_word' id='word_1_378' title='bbox 537 3700 603 3749; x_wconf 85' lang='lat' dir='ltr'>sires</span> <span class='ocrx_word' id='word_1_379' title='bbox 615 3707 642 3749; x_wconf 90' lang='lat' dir='ltr'>et</span> <span class='ocrx_word' id='word_1_380' title='bbox 657 3713 706 3764; x_wconf 90' lang='lat' dir='ltr'>pro</span> <span class='ocrx_word' id='word_1_381' title='bbox 714 3702 755 3764; x_wconf 84' lang='lat' dir='ltr'>ju·</span> <span class='ocrx_word' id='word_1_382' title='bbox 792 3715 856 3752; x_wconf 88' lang='lat' dir='ltr'>nere</span> <span class='ocrx_word' id='word_1_383' title='bbox 863 3703 937 3766; x_wconf 78' lang='lat' dir='ltr'>justo</span> <span class='ocrx_word' id='word_1_384' title='bbox 949 3705 1016 3768; x_wconf 76' lang='lat' dir='ltr'>regis</span> <span class='ocrx_word' id='word_1_385' title='bbox 1029 3703 1205 3769; x_wconf 62' lang='lat' dir='ltr'>cogebantur?</span> <span class='ocrx_word' id='word_1_386' title='bbox 1222 3707 1324 3755; x_wconf 77' lang='lat' dir='ltr'>Cosmi·</span> 
     </span>
     <span class='ocr_line' id='line_1_44' title="bbox 226 3777 1323 3844; baseline -0.001 -14"><span class='ocrx_word' id='word_1_387' title='bbox 226 3781 296 3830; x_wconf 82' lang='lat' dir='ltr'>dicio</span> <span class='ocrx_word' id='word_1_388' title='bbox 313 3777 425 3842; x_wconf 87' lang='lat' dir='ltr'>locabat,</span> <span class='ocrx_word' id='word_1_389' title='bbox 443 3777 522 3827; x_wconf 88' lang='lat' dir='ltr'>certis</span> <span class='ocrx_word' id='word_1_390' title='bbox 539 3791 666 3843; x_wconf 86' lang='lat' dir='ltr'>quemque</span> <span class='ocrx_word' id='word_1_391' title='bbox 683 3781 756 3837; x_wconf 84' lang='lat' dir='ltr'>locis,</span> <span class='ocrx_word' id='word_1_392' title='bbox 830 3777 988 3844; x_wconf 71' lang='lat' dir='ltr'>Pretorium]</span> <span class='ocrx_word' id='word_1_393' title='bbox 1005 3781 1209 3831; x_wconf 78' lang='lat' dir='ltr'>Tabernacuinm</span> <span class='ocrx_word' id='word_1_394' title='bbox 1232 3780 1323 3829; x_wconf 81' lang='lat' dir='ltr'>ducis:</span> 
     </span>
     <span class='ocr_line' id='line_1_45' title="bbox 226 3852 1324 3921; baseline -0.001 -16"><span class='ocrx_word' id='word_1_395' title='bbox 226 3870 290 3921; x_wconf 89' lang='lat' dir='ltr'>qnos</span> <span class='ocrx_word' id='word_1_396' title='bbox 312 3855 339 3904; x_wconf 94' lang='lat' dir='ltr'>in</span> <span class='ocrx_word' id='word_1_397' title='bbox 367 3853 424 3902; x_wconf 88' lang='lat' dir='ltr'>acie</span> <span class='ocrx_word' id='word_1_398' title='bbox 445 3861 473 3902; x_wconf 89' lang='lat' dir='ltr'>et</span> <span class='ocrx_word' id='word_1_399' title='bbox 494 3857 597 3917; x_wconf 80' lang='lat' dir='ltr'>agmine</span> <span class='ocrx_word' id='word_1_400' title='bbox 627 3860 755 3905; x_wconf 89' lang='lat' dir='ltr'>tenerent.</span> <span class='ocrx_word' id='word_1_401' title='bbox 794 3852 1324 3919; x_wconf 83' lang='lat' dir='ltr'>itadictnsn,quodbelisadmiaistrantea</span> 
     </span>
     <span class='ocr_line' id='line_1_46' title="bbox 227 3930 1323 3996; baseline -0.002 -15"><span class='ocrx_word' id='word_1_402' title='bbox 227 3933 344 3996; x_wconf 84' lang='lat' dir='ltr'>Quisque</span> <span class='ocrx_word' id='word_1_403' title='bbox 356 3931 439 3980; x_wconf 87' lang='lat' dir='ltr'>locum</span> <span class='ocrx_word' id='word_1_404' title='bbox 451 3943 524 3980; x_wconf 84' lang='lat' dir='ltr'>tunm</span> <span class='ocrx_word' id='word_1_405' title='bbox 538 3937 656 3994; x_wconf 82' lang='lat' dir='ltr'>noverat,</span> <span class='ocrx_word' id='word_1_406' title='bbox 667 3939 695 3982; x_wconf 88' lang='lat' dir='ltr'>et</span> <span class='ocrx_word' id='word_1_407' title='bbox 710 3931 756 3981; x_wconf 85' lang='lat' dir='ltr'>isos</span> <span class='ocrx_word' id='word_1_408' title='bbox 793 3930 868 3980; x_wconf 89' lang='lat' dir='ltr'>initio</span> <span class='ocrx_word' id='word_1_409' title='bbox 890 3930 1023 3982; x_wconf 84' lang='lat' dir='ltr'>Praetores</span> <span class='ocrx_word' id='word_1_410' title='bbox 1050 3938 1148 3992; x_wconf 84' lang='lat' dir='ltr'>essent,</span> <span class='ocrx_word' id='word_1_411' title='bbox 1169 3931 1213 3995; x_wconf 93' lang='lat' dir='ltr'>qni</span> <span class='ocrx_word' id='word_1_412' title='bbox 1233 3937 1323 3994; x_wconf 86' lang='lat' dir='ltr'>postea</span> 
     </span>
     <span class='ocr_line' id='line_1_47' title="bbox 225 4005 1182 4071; baseline -0.005 -11"><span class='ocrx_word' id='word_1_413' title='bbox 225 4011 333 4060; x_wconf 87' lang='lat' dir='ltr'>ordines</span> <span class='ocrx_word' id='word_1_414' title='bbox 342 4005 510 4071; x_wconf 86' lang='lat' dir='ltr'>pertinaciter</span> <span class='ocrx_word' id='word_1_415' title='bbox 521 4007 670 4057; x_wconf 81' lang='lat' dir='ltr'>servabant.</span> <span class='ocrx_word' id='word_1_416' title='bbox 688 4007 756 4056; x_wconf 84' lang='lat' dir='ltr'>Can·</span> <span class='ocrx_word' id='word_1_417' title='bbox 793 4006 976 4068; x_wconf 59' lang='lat' dir='ltr'>consulendi</span> <span class='ocrx_word' id='word_1_418' title='bbox 988 4007 1091 4057; x_wconf 79' lang='lat' dir='ltr'>Festus.</span> <span class='ocrx_word' id='word_1_419' title='bbox 1106 4007 1182 4056; x_wconf 82' lang='lat' dir='ltr'>Rern.</span> 
     </span>
     <span class='ocr_line' id='line_1_48' title="bbox 226 4081 1322 4148; baseline -0.004 -14"><span class='ocrx_word' id='word_1_420' title='bbox 226 4087 263 4134; x_wconf 89' lang='lat' dir='ltr'>tio</span> <span class='ocrx_word' id='word_1_421' title='bbox 282 4083 425 4148; x_wconf 83' lang='lat' dir='ltr'>antiquitus</span> <span class='ocrx_word' id='word_1_422' title='bbox 441 4089 507 4138; x_wconf 85' lang='lat' dir='ltr'>erat,</span> <span class='ocrx_word' id='word_1_423' title='bbox 525 4095 558 4130; x_wconf 90' lang='lat' dir='ltr'>ne</span> <span class='ocrx_word' id='word_1_424' title='bbox 577 4082 635 4146; x_wconf 82' lang='lat' dir='ltr'>qnia</span> <span class='ocrx_word' id='word_1_425' title='bbox 651 4083 757 4133; x_wconf 86' lang='lat' dir='ltr'>mileaa</span> <span class='ocrx_word' id='word_1_426' title='bbox 826 4081 950 4132; x_wconf 76' lang='lat' dir='ltr'>interdum</span> <span class='ocrx_word' id='word_1_427' title='bbox 961 4083 1088 4146; x_wconf 67' lang='lat' dir='ltr'>immotos]</span> <span class='ocrx_word' id='word_1_428' title='bbox 1110 4083 1264 4132; x_wconf 79' lang='lat' dir='ltr'>Ttrnicstum</span> <span class='ocrx_word' id='word_1_429' title='bbox 1277 4095 1322 4145; x_wconf 87' lang='lat' dir='ltr'>ap·</span> 
     </span>
     <span class='ocr_line' id='line_1_49' title="bbox 227 4157 1323 4223; baseline -0.002 -14"><span class='ocrx_word' id='word_1_430' title='bbox 227 4161 306 4222; x_wconf 72' lang='lat' dir='ltr'>signis</span> <span class='ocrx_word' id='word_1_431' title='bbox 322 4173 360 4210; x_wconf 86' lang='lat' dir='ltr'>rs.</span> <span class='ocrx_word' id='word_1_432' title='bbox 377 4159 457 4220; x_wconf 87' lang='lat' dir='ltr'>pedes</span> <span class='ocrx_word' id='word_1_433' title='bbox 474 4157 573 4221; x_wconf 74' lang='lat' dir='ltr'>longine</span> <span class='ocrx_word' id='word_1_434' title='bbox 593 4159 755 4219; x_wconf 87' lang='lat' dir='ltr'>procederet,</span> <span class='ocrx_word' id='word_1_435' title='bbox 794 4159 922 4220; x_wconf 76' lang='lat' dir='ltr'>perereio</span> <span class='ocrx_word' id='word_1_436' title='bbox 935 4159 1047 4223; x_wconf 87' lang='lat' dir='ltr'>publico,</span> <span class='ocrx_word' id='word_1_437' title='bbox 1063 4171 1182 4221; x_wconf 74' lang='lat' dir='ltr'>magnum</span> <span class='ocrx_word' id='word_1_438' title='bbox 1194 4158 1283 4206; x_wconf 82' lang='lat' dir='ltr'>Romae</span> <span class='ocrx_word' id='word_1_439' title='bbox 1296 4167 1323 4207; x_wconf 91' lang='lat' dir='ltr'>et</span> 
     </span>
     <span class='ocr_line' id='line_1_50' title="bbox 226 4233 1323 4300; baseline 0 -17"><span class='ocrx_word' id='word_1_440' title='bbox 226 4235 254 4283; x_wconf 93' lang='lat' dir='ltr'>id</span> <span class='ocrx_word' id='word_1_441' title='bbox 266 4243 315 4298; x_wconf 86' lang='lat' dir='ltr'>est,</span> <span class='ocrx_word' id='word_1_442' title='bbox 326 4251 359 4284; x_wconf 81' lang='lat' dir='ltr'>rte</span> <span class='ocrx_word' id='word_1_443' title='bbox 371 4236 427 4300; x_wconf 86' lang='lat' dir='ltr'>quis</span> <span class='ocrx_word' id='word_1_444' title='bbox 440 4235 479 4284; x_wconf 82' lang='lat' dir='ltr'>sei</span> <span class='ocrx_word' id='word_1_445' title='bbox 493 4247 594 4298; x_wconf 85' lang='lat' dir='ltr'>pessum</span> <span class='ocrx_word' id='word_1_446' title='bbox 606 4247 684 4283; x_wconf 87' lang='lat' dir='ltr'>unum</span> <span class='ocrx_word' id='word_1_447' title='bbox 697 4249 755 4298; x_wconf 90' lang='lat' dir='ltr'>pro·</span> <span class='ocrx_word' id='word_1_448' title='bbox 794 4235 820 4282; x_wconf 89' lang='lat' dir='ltr'>in</span> <span class='ocrx_word' id='word_1_449' title='bbox 831 4235 922 4285; x_wconf 85' lang='lat' dir='ltr'>castris</span> <span class='ocrx_word' id='word_1_450' title='bbox 939 4235 989 4284; x_wconf 84' lang='lat' dir='ltr'>init</span> <span class='ocrx_word' id='word_1_451' title='bbox 1000 4233 1106 4283; x_wconf 85' lang='lat' dir='ltr'>vilitatis</span> <span class='ocrx_word' id='word_1_452' title='bbox 1118 4243 1145 4282; x_wconf 88' lang='lat' dir='ltr'>et</span> <span class='ocrx_word' id='word_1_453' title='bbox 1155 4234 1258 4282; x_wconf 84' lang='lat' dir='ltr'>humilis</span> <span class='ocrx_word' id='word_1_454' title='bbox 1267 4247 1323 4283; x_wconf 84' lang='lat' dir='ltr'>sor-</span> 
     </span>
     <span class='ocr_line' id='line_1_51' title="bbox 227 4310 1322 4377; baseline -0.001 -18"><span class='ocrx_word' id='word_1_455' title='bbox 227 4311 380 4374; x_wconf 72' lang='lat' dir='ltr'>grederetor</span> <span class='ocrx_word' id='word_1_456' title='bbox 397 4321 475 4364; x_wconf 79' lang='lat' dir='ltr'>extra</span> <span class='ocrx_word' id='word_1_457' title='bbox 500 4311 592 4360; x_wconf 82' lang='lat' dir='ltr'>lineam</span> <span class='ocrx_word' id='word_1_458' title='bbox 610 4311 653 4362; x_wconf 84' lang='lat' dir='ltr'>ubi</span> <span class='ocrx_word' id='word_1_459' title='bbox 673 4311 755 4376; x_wconf 75' lang='lat' dir='ltr'>siqua.</span> <span class='ocrx_word' id='word_1_460' title='bbox 795 4311 826 4362; x_wconf 86' lang='lat' dir='ltr'>tia</span> <span class='ocrx_word' id='word_1_461' title='bbox 846 4317 1033 4377; x_wconf 72' lang='lat' dir='ltr'>aemimontum.</span> <span class='ocrx_word' id='word_1_462' title='bbox 1067 4311 1175 4370; x_wconf 84' lang='lat' dir='ltr'>Contra,</span> <span class='ocrx_word' id='word_1_463' title='bbox 1190 4310 1322 4361; x_wconf 87' lang='lat' dir='ltr'>interdum</span> 
     </span>
    </p>
   </div>
   <div class='ocr_carea' id='block_1_5' title="bbox 0 0 1621 4914">
    <p class='ocr_par' dir='ltr' id='par_1_5' title="bbox 0 0 1621 4914">
     <span class='ocr_line' id='line_1_52' title="bbox 0 0 1621 4914; baseline 0 0"><span class='ocrx_word' id='word_1_464' title='bbox 0 0 1621 4914; x_wconf 95' lang='lat' dir='ltr'> </span> 
     </span>
    </p>
   </div>
  </div>
 </body>
</html>
