3234 4888
302 367 389 434 13⁰2
647 380 755 428 uuum
780 379 980 428 vautouuu
1005 381 1043 428 ru

302 541 364 587 χιον,
380 523 428 572 hoe
437 527 486 576 eut,
495 521 641 584 Δωρόχιον,
655 520 723 584 quod
740 520 767 570 in
789 535 827 571 aa·
865 529 927 571 aute
940 521 1052 570 brumam
1061 520 1086 569 iu
1097 519 1184 570 briam
1193 519 1297 583 navigi·
1310 527 1392 596 traor-

302 612 365 662 pero
384 604 411 646 ct
421 595 532 658 ῥαχιόδιι
550 597 636 647 littore
657 596 733 645 eitum
751 603 829 646 erret.
865 597 994 657 mitteret,
1016 595 1128 657 augurila
1145 602 1173 644 et
1194 595 1315 658 auepiclia
1327 598 1395 646 reui-

303 671 451 722 Alexander
471 671 497 719 iu
516 673 621 734 Europa
632 670 701 733 apud
720 670 829 734 Steplaa·
866 673 989 731 tentibur,
999 673 1097 736 rprerit
1111 689 1117 719 ι
1128 687 1160 721 eo
1172 671 1273 722 facilius
1285 680 1313 723 et
1322 675 1393 722 uari·

226 778 231 788 ·
302 761 381 796 num:
399 745 535 808 Δυσριχίου
552 744 829 806 ruaetrapreetrtp·
864 747 1057 810 garitetuieit.
1075 747 1297 796 Minnuml'eltx.

302 823 393 884 χιὶλου
402 821 488 882 χθονδι
498 823 581 880 ἀκτῆς.
597 821 699 871 Suburae.
901 823 974 872 Verre
991 824 1022 871 ad
1032 824 1114 870 mellae
1124 822 1212 884 oraine]
1229 822 1291 870 Non
1305 823 1390 887 atrapi-

333 897 506 959 Aroereeadot]
522 895 695 947 Advocandar
715 897 830 946 Brundi·
865 897 906 948 cia
917 899 1008 961 uoltum,
1025 898 1071 946 red
1089 897 1166 946 etlam
1186 897 1270 946 orniam
1283 898 1393 960 impera·

302 973 829 1036 eloDyrrachium,otpuguaturaaeontra
866 981 938 1025 turea
958 973 1139 1022 observabant.
1174 973 1288 1022 Fuerunt
1306 981 1394 1022 autem
1443 1019 1446 1026 .

302 1047 467 1110 Pompeium.
484 1047 562 1096 Beru-
866 1050 961 1112 omiuu,
981 1050 1053 1098 diota
1073 1048 1203 1112 laetaque,
1226 1063 1284 1112 qum
1306 1047 1395 1098 audita

334 1120 414 1184 Solae]
431 1121 567 1173 Quomodo
585 1129 613 1171 et
632 1122 750 1170 Lucrum
762 1120 829 1172 libro
865 1139 897 1174 ao
909 1125 973 1186 vira,
990 1124 1022 1174 ad
1038 1125 1220 1187 imperatorem
1238 1138 1291 1172 rem
1303 1137 1393 1186 agare-

303 1211 329 1246 ν.
341 1210 380 1246 vr.
390 1201 446 1247 ⁵0⁹.
465 1195 641 1260 ‘Cunctltqtte
654 1196 759 1258 relictio
768 1196 830 1244 Solu
867 1202 981 1251 dientem
994 1201 1125 1263 pertinere
1134 1205 1253 1261 putrent:
1266 1213 1324 1262 qun
1335 1213 1393 1250 cunr

303 1270 391 1334 placet
402 1268 622 1320 surluntcomer!
641 1271 715 1318 Idm
867 1283 965 1326 temere
981 1282 1068 1324 errent
1088 1275 1186 1335 obluta,
1203 1281 1340 1336 propterea
1359 1273 1393 1324 ab

338 1325 560 1409 obruatoboptre]
576 1345 732 1394 Plutarchus
748 1345 830 1402 addit,
868 1364 899 1399 eo
920 1349 1013 1412 accipi,
1035 1357 1062 1400 et
1086 1363 1135 1398 nort
1158 1348 1241 1411 accipi
1264 1353 1395 1410 poteraut.

304 1421 403 1483 uerrili,
422 1421 568 1483 Appianum,
595 1421 690 1484 priuati
722 1422 829 1472 hominia
867 1425 1023 1488 Factum,ut
1036 1424 1099 1473 illud
1114 1425 1144 1474 C.
1158 1423 1395 1486 Flaminiumque

304 1503 376 1546 reule
396 1501 495 1546 tectum
517 1493 608 1545 iniere.
651 1497 733 1546 Erant
762 1497 829 1546 euim
867 1500 976 1550 Cicero:
994 1498 1159 1553 ‘Flaminino
1174 1498 1393 1548 eaercltulurtra-

302 1569 423 1620 berterio
436 1570 553 1633 proximo
564 1568 679 1620 fallendi.
696 1571 771 1621 Idem.
868 1581 905 1637 to,
921 1588 979 1622 curu
997 1579 1090 1622 ooutru
1108 1572 1261 1622 Annibalem
1279 1573 1392 1634 legionen

337 1644 535 1707 Gubernatorem]
574 1644 698 1708 Amyclae
735 1661 828 1696 nomen
867 1649 982 1711 duceret,
998 1649 1055 1712 ipre
1067 1656 1095 1698 et
1107 1663 1188 1714 equur
1200 1649 1258 1711 ejua
1269 1647 1394 1712 concidit,

301 1720 362 1770 lanio
373 1720 539 1784 gubernatori
548 1720 644 1782 fult,ut
653 1722 770 1785 prodidit
780 1723 830 1772 Lu·
867 1737 984 1772 neceam
1004 1737 1056 1772 rem
1074 1723 1188 1786 religioni
1201 1723 1290 1772 babuit
1299 1720 1317 1771 ι’
1332 1723 1394 1772 item

303 1809 382 1846 canna
391 1796 418 1846 d.
427 1797 470 1847 lib.
480 1811 507 1847 u.
519 1811 556 1847 rr.
565 1801 622 1846 ⁶2⁰.
633 1799 747 1862 quoloeo
758 1798 830 1849 lucu·
867 1798 985 1859 Ceeearir,
996 1797 1027 1846 de
1038 1813 1089 1862 quo
1100 1799 1157 1848 lteic
1168 1798 1316 1848 Suetonium.
1333 1797 1393 1848 Die·

303 1873 374 1924 lenta
390 1874 518 1937 planeque
540 1873 666 1936 greplrlca
689 1875 769 1925 totlur
792 1875 830 1924 rel
867 1882 930 1937 turn,
948 1874 1023 1938 quale
1040 1873 1103 1922 illud
1116 1873 1254 1922 &reulum
1268 1873 1393 1924 Romano·

303 1949 442 2012 descriptio
450 1957 499 1998 ert.
517 1949 689 2000 Memorabile
700 1957 749 2007 ert,
760 1951 829 2015 quod
868 1963 933 2010 rum,
950 1950 982 1999 de
997 1964 1048 2014 quo
1063 1949 1166 1999 birino:
1184 1948 1333 1998 'Samnitea
1351 1963 1395 2000 ao·

303 2039 336 2073 ea
347 2025 499 2086 Plutarcho,
510 2031 539 2073 nt
554 2024 631 2088 rotet,
642 2023 777 2088 Appiauur
790 2038 829 2074 re·
867 2023 980 2081 ciferarl.
997 2039 1025 2073 ιιι
1039 2025 1065 2072 iu
1077 2025 1234 2074 auctoritate
1244 2023 1395 2075 Tarentino·

302 2096 370 2149 l'ert:
384 2113 441 2150 eum
452 2099 502 2149 iate
513 2099 682 2163 guberuator,
690 2107 830 2164 tempesta·
867 2114 923 2151 rum
945 2113 1059 2157 manere,
1076 2113 1124 2148 uec
1135 2098 1294 2149 derceudere
1306 2100 1331 2148 in
1343 2101 1394 2151 aci-

304 2176 337 2225 tir
350 2177 376 2226 ri
392 2184 538 2239 reperatur,
550 2176 716 2225 retrocedere
726 2178 831 2226 ulutate·
866 2189 918 2225 ern.
953 2174 1081 2238 Accipere
1108 2187 1135 2224 re
1157 2187 1243 2236 omen,
1270 2174 1395 2226 Coueulea

303 2258 354 2308 eet,
371 2251 499 2302 Caeretem
519 2257 621 2301 reteero
640 2250 728 2315 eapite
744 2253 829 2302 erola·
866 2251 948 2314 aiunt,
963 2257 1059 2302 ereum
1072 2250 1172 2314 precari
1184 2255 1297 2300 mentem
1314 2250 1396 2301 ltorti·

303 2341 404 2378 maeret
431 2326 439 2354 ‘
452 2339 532 2392 perge
555 2326 679 2376 audacter
689 2329 704 2376 ι·
723 2326 830 2391 xulropo
867 2326 925 2384 bur,
936 2333 966 2375 ut
977 2327 1111 2374 oerallnm
1122 2324 1224 2390 quidem
1232 2323 1395 2376 defendent?

302 2401 389 2466 φὸριιι,
408 2401 447 2450 rrul
462 2401 508 2459 τὴν
529 2399 646 2464 Καίσαρος
663 2399 751 2463 τύχην,
775 2405 829 2451 cc·
866 2402 953 2464 Sigon.
989 2400 1087 2463 Ouiae]
1105 2401 1154 2450 Eut
1164 2413 1226 2449 vero
1240 2399 1298 2450 boul
1310 2400 1395 2457 ducit,

301 2477 460 2537 muebr'r,
471 2475 755 2538 Caturiapaesorlarrmu.
768 2476 809 2527 ld.
865 2484 970 2540 melun,
982 2490 1033 2540 quo
1046 2476 1143 2526 militer
1159 2489 1193 2524 eu
1204 2475 1318 2526 adrerrle
1329 2478 1393 2526 ouri·

335 2551 402 2600 Cae.
418 2555 460 2598 59.
476 2549 612 2599 immolanti
628 2551 760 2611 earam
778 2552 829 2601 boa·
865 2550 1320 2614 tribuaconcideruut‚dlaaolrere,ea
1332 2567 1392 2616 prn-

301 2625 349 2688 tiu]
373 2626 463 2676 Dlrnm
486 2639 560 2675 omen
583 2625 632 2676 boc
649 2633 751 2676 reterea
772 2641 828 2677 oure
866 2628 959 2678 deuter
980 2626 1117 2684 eludendo,
1137 2633 1164 2677 et
1188 2627 1214 2676 iu
1234 2629 1392 2678 contrarium

302 2701 504 2763 arbitrabantur,
515 2700 615 2765 quotlea
627 2701 709 2750 bootia
717 2703 830 2754 truderet
867 2701 1005 2756 vertendo,
1022 2709 1050 2752 ut
1062 2703 1144 2752 Mielt.
1156 2702 1294 2752 Pireertue
1305 2703 1392 2753 obuer-

303 2793 330 2829 ιι
349 2779 383 2828 ab
406 2779 466 2839 aria,
482 2784 511 2828 et
533 2776 677 2840 aufugeret.
723 2778 792 2828 Hinc
812 2794 828 2828 a
866 2780 962 2829 ration.
974 2778 1032 2827 deo.
1045 2781 1142 2828 mod.
1154 2779 1239 2827 docet.
1258 2775 1331 2828 Belo.

301 2855 406 2904 bucano
431 2853 500 2902 iuter
529 2851 645 2915 prodigia
676 2852 828 2902 Phaualieae
899 2854 1037 2917 Scipionum
1047 2855 1140 2916 nomer]
1153 2853 1241 2916 Scipio
1252 2852 1392 2904 Africanus

302 2929 382 2980 eladle
396 2929 556 2994 ltoequoque
572 2928 696 2990 porltume
713 2927 827 2976 ‘Admo-
866 2931 985 2993 superior
1002 2929 1193 2992 stipendiariam
1205 2927 1270 2978 feeit
1282 2929 1392 2979 Cartba-

302 3012 343 3055 tua
355 3001 654 3068 eaperirdlauuaealupit
666 3003 698 3052 ab
709 3004 827 3052 nra'l'au·
866 3005 960 3067 ginem,
983 3001 1077 3052 Africae
1099 3011 1196 3066 eaput:
1219 3003 1309 3066 junior
1333 3002 1392 3052 luu-

302 3081 364 3132 rus.'
392 3081 478 3131 Lirim
489 3094 591 3145 quoque
603 3080 649 3134 ait,
661 3078 758 3130 factum
770 3094 827 3129 eaeo
866 3079 933 3128 ditur
945 3092 1002 3126 eem
1013 3078 1116 3124 evertit.
1128 3077 1197 3125 Hinc
1205 3077 1301 3141 Scipio,
1314 3078 1390 3126 Pom-

302 3171 377 3208 omcn
388 3157 467 3206 clodia
480 3155 574 3205 futurae
585 3155 827 3216 FlamiuloCouruli,
866 3153 918 3217 peii
929 3167 1013 3211 nocer,
1028 3151 1225 3200 exlatlmabatur
1237 3159 1264 3200 et
1275 3152 1330 3214 ipre
1343 3153 1393 3202 rie·

302 3248 353 3298 quo
365 3233 523 3294 immolante,
534 3230 630 3280 rltulua
649 3229 718 3279 ictuc
740 3243 755 3277 e
774 3244 826 3278 nra·
865 3239 906 3279 tor
926 3228 951 3276 in
965 3225 1052 3276 Africa
1070 3224 1171 3275 futurus
1191 3224 1315 3276 adrerrur
1333 3227 1391 3278 Cte-

303 3309 378 3358 albae
395 3305 594 3357 raerificentlam
614 3318 673 3354 reue
692 3305 827 3368 proripuit,
865 3319 964 3357 rorem:
981 3303 1023 3353 cui
1035 3301 1142 3366 proinde
1159 3302 1248 3352 Curat
1260 3302 1338 3354 allum
1357 3317 1391 3356 ιι

302 3385 445 3447 multaeque
463 3383 658 3432 circumrteuter
675 3395 768 3431 cruore
786 3396 825 3434 re·
866 3379 987 3432 Cornelia
1005 3385 1083 3442 geute
1093 3375 1240 3441 Scipionem
1258 3379 1389 3443 opporuit.

302 3458 528 3523 operclullerecid.
548 3459 697 3522 lormolaatr]
710 3457 827 3509 Verbum
865 3458 941 3508 ldear.

302 3533 573 3584 immolareraerornm
586 3539 635 3590 eet,
647 3533 771 3595 et,l'erto
787 3535 825 3583 in·
898 3533 946 3582 cu
966 3533 998 3582 ud
1018 3529 1164 3595 opprobriam
1182 3531 1239 3580 rita
1258 3530 1390 3596 Salatioai]

301 3615 427 3673 torpuere,
453 3606 591 3673 significet,
619 3610 695 3670 mola,
722 3609 748 3660 ld
775 3618 825 3675 ert,
865 3605 1390 3669 SiveSabelluuireSriutiurlreSolatto,

300 3685 369 3736 l'arre
380 3685 468 3734 molito
478 3685 577 3740 etrele,
588 3684 698 3735 lroatlam
708 3698 825 3749 peraper-
864 3697 923 3736 cum
937 3684 1024 3734 Dione
1045 3683 1103 3748 quir
1115 3683 1222 3740 mavult,
1239 3683 1319 3733 rerba
1338 3683 1390 3740 tila,

302 3777 355 3814 earn
372 3757 483 3812 aacmre'.
514 3761 550 3811 Et
564 3762 613 3810 boo
632 3768 681 3820 ort,
699 3761 768 3827 quod
779 3763 826 3812 Se·
866 3762 919 3812 ‘ad
942 3758 1109 3825 opprobrium
1131 3757 1210 3823 rita,'
1233 3772 1250 3807 a
1268 3758 1390 3809 Suetonio

302 3853 367 3890 neca
387 3839 413 3888 iu
424 3837 529 3902 OEdipo,
546 3842 597 3885 act.
615 3849 646 3885 tt.
663 3841 735 3887 eoa.
753 3838 825 3886 ‘tau·
864 3839 952 3890 addita
975 3846 1049 3902 puto,
1068 3851 1118 3901 quo
1137 3834 1277 3898 rignificet,
1294 3833 1390 3884 homiui

302 3929 387 3965 rorum
399 3915 466 3964 oolla
476 3913 542 3962 ealra
553 3913 621 3961 mola
637 3913 774 3976 sporgere'
786 3913 824 3963 di·
864 3915 911 3976 illi,
927 3927 1003 3978 quent
1021 3927 1054 3962 ex
1073 3917 1150 3975 geute
1163 3911 1283 3961 cornelia
1302 3921 1389 3958 aecum

301 3993 357 4042 cit:
372 3989 559 4056 quodfactnm,
576 3989 725 4053 priurqoam
739 3989 823 4038 eaede-
864 3991 954 4040 babuit
974 3989 1072 4050 creaar,
1088 4001 1137 4036 nou
1159 3987 1192 4036 ob
1218 3983 1307 4033 formo
1328 3997 1388 4034 euru

302 4075 401 4119 rentur.
423 4069 494 4117 Bm.
864 4066 940 4116 mimo
959 4062 1161 4122 aimllitudiuem
1177 4066 1206 4110 ut
1218 4059 1296 4123 prlori
1309 4059 1390 4122 Scipi·

337 4144 509 4204 Preimtioueaa
522 4143 634 4192 adeum
651 4139 785 4203 Scipionem
802 4131 826 4190 e't
864 4142 917 4204 oui,
933 4139 977 4191 red
993 4138 1028 4188 ob
1038 4149 1136 4187 morum
1149 4134 1237 4198 potior
1251 4133 1390 4197 turpitudi-

302 4220 391 4270 Jabara
408 4219 571 4282 mdietelr't]
588 4219 776 4284 Calurcueaar,
794 4233 826 4269 ue
863 4233 922 4270 nem
952 4217 1062 4281 uitaeque
1089 4209 1220 4266 infamiam
1247 4223 1389 4276 cognomen
