3166 4904
613 371 857 420 nnncnnncs.
1196 355 1281 422 1145

190 533 293 592 mere,
303 519 336 578 et
347 512 498 577 Siculum
512 521 546 576 et
561 510 763 578 Gaditanum
778 511 861 590 (Ms.
872 509 1096 596 Gaditiannm)
1111 513 1281 580 AEstumie

192 621 273 678 sunt
291 614 412 692 omnin,
433 633 494 696 per
511 633 588 698 qnae
603 633 694 678 mere
709 613 857 678 vicissim
873 619 941 680 tum
964 614 1093 679 accedit
1106 613 1189 692 (Ms.
1204 615 1278 679 occi-

190 715 251 794 dit)
266 723 337 780 tum
358 715 492 782 recedit·
535 715 649 779 Altum
664 717 796 799 proprie
816 734 908 781 mere
927 715 1136 799 profundum.
1179 717 1279 782 Vada

112 867 138 900 ,
191 817 273 896 (Ms.
287 821 383 900 vaga)
407 817 528 901 quibus
543 817 576 878 in
598 815 680 878 mari
702 820 813 898 potest
834 817 926 893 steri,
941 834 1017 900 quse
1031 815 1193 897 Virgilius
1206 816 1277 880 bre-

190 919 247 982 vic
263 919 428 1001 appellet,
452 937 529 1000 quae
551 916 667 980 eedem
682 915 796 980 Graeci
819 917 965 982 brachie.
1010 918 1111 982 Sinus
1136 918 1277 1001 majores

191 1037 342 1083 recessus
362 1019 464 1082 maris
493 1017 660 1093 dicuntur,
676 1020 713 1079 nt
737 1015 894 1101 Caspius,
915 1017 1093 1094 Arabicus,
1117 1019 1276 1084 Indicus:

190 1123 334 1206 majores
349 1127 461 1185 eutem
477 1119 599 1200 anguli,
614 1125 653 1181 ut
667 1115 863 1197 Paestanus,
879 1118 1060 1198 Matrestae,
1071 1121 1277 1206 Amyclanus

192 1228 224 1286 et
250 1223 375 1286 similes
394 1223 530 1285 nomina
549 1221 649 1284 meris
677 1219 845 1285 dixerunt.
865 1221 1026 1290 ,Flustre
1047 1229 1161 1286 motus
1175 1224 1277 1290 meris

192 1322 264 1385 sine
276 1327 472 1406 tempestate
485 1321 687 1386 fluctuantis.
725 1319 869 1404 Neevius
882 1320 915 1384 in
926 1321 1019 1385 bello
1034 1321 1178 1386 Poenico
1192 1323 1277 1408 (Ms.

191 1420 341 1506 Pontico)
359 1425 393 1487 in
411 1422 628 1505 inscriptione
643 1421 733 1505 qued
750 1421 807 1500 ait,
829 1423 1030 1487 ‘honerariae
1045 1422 1194 1489 honustae
1210 1432 1275 1490 sta·

190 1523 273 1586 bant
286 1523 320 1586 in
339 1521 488 1598 flustris‚’
508 1529 548 1584 nt
563 1524 593 1587 si
615 1523 743 1586 diceret
761 1523 796 1585 in
820 1523 890 1586 selo
911 1522 992 1603 (Ms.
1008 1521 1108 1600 Sola.)
1151 1523 1276 1604 Moles,

191 1643 266 1709 quae
282 1625 425 1688 eminent
440 1630 475 1686 et
488 1629 685 1707 procurrunt
699 1625 794 1701 meri,
810 1624 985 1708 dequibus
1002 1623 1174 1689 Pacuvius
1190 1625 1276 1711 (Ms.

190 1723 370 1802 Fauentiae)
392 1726 452 1803 eit,
480 1727 490 1760 ‘
501 1744 616 1789 omnes
642 1727 787 1792 latebras
815 1727 960 1790 snblaetu
988 1727 1075 1790 mole
1100 1727 1275 1791 abstrusas
1398 1753 1401 1758 ¹

189 1826 302 1890 sinus!
336 1826 456 1890 Gaecus
469 1824 592 1891 fluctus
606 1833 728 1905 temen,
742 1827 889 1891 necdum
901 1834 1010 1891 temen
1022 1844 1138 1897 canus,
1153 1826 1194 1892 (le
1208 1848 1275 1911 quo

189 1928 273 1992 Atta
287 1926 374 2012 (nis.
391 1924 480 2010 nota)
500 1929 534 1990 in
553 1932 666 2009 togate
680 1929 730 1992 sic
753 1930 822 1993 ait:
845 1933 854 1965 ⁸
871 1927 1007 2010 Populo
1029 1927 1146 1991 fluctos
1162 1947 1276 1992 caecos

187 2029 318 2092 iaciunt
341 2047 401 2111 per
419 2026 619 2091 discordiam
629 2027 649 2109 ς’
670 2037 705 2092 et
725 2028 900 2110 Augustus
926 2027 973 2092 eit
986 2032 1026 2112 :‚‘
1040 2045 1102 2090 nos
1121 2028 1274 2092 venimus

190 2128 382 2211 Neapolim,
407 2127 515 2193 fluctu
537 2129 672 2211 quidem
698 2129 813 2194 caece!
856 2130 980 2206 hictus,
1006 2126 1165 2212 quicquid
1185 2148 1275 2212 aque

189 2229 332 2292 alluitur.
391 2228 528 2292 Flumen
563 2232 669 2294 omnis
708 2230 835 2308 humor,
864 2231 921 2314 qui
950 2231 1005 2294 vel
1031 2228 1160 2293 modice
1187 2230 1273 2295 finit.

189 2331 332 2394 Torrens
343 2329 477 2408 fluviae,
493 2331 552 2413 qui
570 2350 591 2394 a
615 2330 731 2414 pluvia
746 2331 875 2408 crescit,
892 2331 1042 2394 siccitate
1065 2331 1224 2406 torrescit,
1238 2331 1273 2394 id

188 2439 250 2508 est,
264 2433 393 2509 arescit,
409 2430 529 2513 dequo
544 2431 714 2496 Pacuvius
729 2433 789 2511 ait,
805 2430 996 2495 ‘Flammeo
1013 2446 1131 2513 vapore·
1144 2440 1272 2495 torrens

188 2531 309 2596 torret!
352 2531 451 2595 Ostia
470 2532 581 2595 exitus
600 2529 772 2598 fluminum
795 2533 830 2595 in
852 2535 963 2596 mere.=
994 2531 1087 2595 Tolli
1110 2549 1272 2616 equarum

187 2633 367 2718 projectus,
398 2632 513 2715 quales
543 2638 620 2696 sunt
647 2633 682 2694 in
711 2630 852 2698 Aniene*
868 2631 951 2712 (Ms.
978 2630 1118 2710 ancienne)
1136 2631 1270 2697 flumine

188 2753 288 2818 quam
305 2752 341 2799 se
353 2733 501 2802 maxime
515 2733 716 2820 praecipitio.
