3168 4922
288 363 373 454 libb
633 383 741 432 norm
766 383 967 432 vlnronnu
994 385 1031 432 ru

289 535 394 570 norumr
412 525 440 570 ot
449 521 498 584 ipsi
510 521 693 585 absquednbio
704 523 815 575 ἀνέκαθεν
853 526 922 589 quod
944 526 1054 589 Reipub.
1077 526 1195 591 gerenda
1217 525 1317 576 initium
1337 527 1385 576 ille

289 597 373 645 Dores
395 594 500 644 iuuerunt
522 611 536 646 e
558 598 738 662 Peloponneso
755 601 815 649 orti.
852 599 971 664 adoptas,
986 601 1023 650 ita
1039 601 1180 664 prudenter
1197 603 1342 665 usurparit,
1355 609 1387 652 nt

284 668 381 719 Ἀπειν
405 670 524 720 subsilire
546 672 683 738 significat,
705 679 733 724 et
757 689 816 723 nus·
852 675 878 723 in
901 675 1046 739 principum
1066 684 1124 738 port
1141 677 1316 738 dignationem
1339 691 1387 740 po·

288 759 364 810 quam
383 745 455 794 firma
474 746 566 808 pedem
582 747 677 811 ligare:
694 749 815 799 uudetir·
852 751 1011 814 tentiamque
1041 753 1200 814 personarit,
1227 759 1387 816 gentemque

288 839 338 870 ran
346 821 412 884 δεῦρο
421 821 525 870 κάκεῖσε.
550 822 674 873 Attaruro
684 825 746 875 vitio
755 839 815 875 con·
853 824 981 874 Clausiam
993 827 1062 875 nulla
1074 827 1141 875 inter
1151 827 1279 876 Romanoa
1289 827 1386 876 obsco·

289 897 395 946 trarium
407 905 446 946 ast
463 896 493 946 rb
508 900 556 946 raba
568 903 743 962 περνοβατῦν,
755 915 816 966 quo·
854 901 946 949 riorum
958 915 971 948 s
985 913 1012 950 se
1025 902 1165 961 reliquerit.
1183 901 1315 950 Plutarch.

289 987 346 1020 ram
357 972 533 1035 Hippocrates
545 975 678 1028 meminita
695 979 759 1026 iatoa
773 989 815 1026 re·
886 977 1018 1038 mumque
1028 977 1074 1026 sibi
1083 979 1115 1026 od
1124 977 1267 1039 acpaiturora
1279 977 1321 1025 aab
1334 979 1387 1025 Co·

290 1054 359 1097 terea
379 1048 465 1097 Latini
484 1049 661 1112 ‘talipedare’
685 1051 816 1101 dixerunt.
852 1051 935 1112 pitotio
945 1051 1037 1113 publica
1047 1051 1148 1116 occepit]
1165 1052 1277 1114 speciali
1286 1051 1385 1115 Populi

292 1122 392 1172 cmi.
427 1123 677 1188 Attaeappaliantnr,
689 1127 730 1192 qni
741 1141 817 1191 prop·
855 1125 963 1173 Romani
982 1126 1076 1174 studio.
1110 1123 1231 1190 Alioquin
1250 1132 1323 1175 extra
1340 1139 1385 1174 ur·

290 1204 331 1247 ter
343 1197 433 1246 sitium
444 1212 547 1247 crurum
559 1206 604 1248 aut
616 1200 711 1263 padum
723 1199 817 1263 plantio
855 1200 913 1250 bem
924 1201 1043 1265 sepelire,
1060 1202 1137 1251 moris
1149 1200 1208 1251 fnit.
1244 1201 1337 1251 cicero
1349 1215 1386 1250 ιι.

289 1272 421 1335 insistunt,
433 1279 460 1322 st
472 1274 605 1336 attingunt
615 1276 696 1338 magis
710 1282 817 1338 terram,
855 1278 888 1326 de
905 1278 922 1326 l.
941 1278 1005 1341 lagia
1025 1291 1075 1326 xrs.
1091 1277 1163 1328 tabb.
1183 1276 1313 1328 meminit:
1331 1289 1387 1327 no·

291 1359 367 1410 quam
389 1347 528 1397 ambulant.
561 1347 650 1398 Attum
669 1351 759 1400 etiarn·
770 1365 817 1413 pro
855 1367 960 1404 nuncu.
975 1365 1125 1403 uonruuu.
1138 1367 1179 1402 ru.
1190 1365 1275 1402 unas.
1286 1365 1386 1402 rra-rra·

290 1423 817 1491 reserantiasenicuilibetdicimusrqna·
856 1441 965 1479 restro.
986 1441 1066 1478 narn.
1084 1441 1178 1478 uarro.
1195 1435 1222 1478 et
1240 1443 1259 1478 ι.
1277 1429 1385 1476 l'nscut.

291 1498 313 1546 ai
329 1497 740 1564 comasinominoappellamua.
756 1503 818 1551 Fas·
856 1512 947 1568 quest.
975 1502 1033 1552 ‘An
1061 1502 1107 1559 tu,'
1133 1503 1225 1566 inquit,
1248 1505 1384 1566 ‘egrotans

291 1581 342 1622 tus.
855 1585 932 1639 porta
949 1578 1063 1640 Capena,
1083 1591 1159 1639 quum
1178 1577 1308 1638 Collatini,
1328 1575 1386 1625 Sci·

323 1649 385 1698 Atto
397 1649 496 1698 Claudio
506 1651 586 1712 gestia
596 1649 714 1715 principe]
724 1651 754 1701 lu
766 1665 818 1701 uno
856 1651 970 1715 pionnm,
982 1652 1331 1715 Serviliorum,blatailornm
1342 1665 1385 1701 se·

291 1723 381 1773 codice
401 1724 465 1773 Acta
487 1725 557 1774 Tatio
580 1728 675 1789 Cimon,
692 1728 718 1775 in
736 1729 818 1778 altero
856 1728 963 1790 pulchra
981 1728 1061 1790 rides,
1078 1728 1186 1776 miseros
1204 1735 1281 1790 putas
1300 1726 1385 1776 iiiosi'

292 1801 355 1849 Aeto
368 1800 436 1850 Tatio
448 1801 546 1850 Claudio
556 1801 660 1865 tegitur.
678 1803 714 1852 Ut
726 1801 818 1852 sortas-
856 1801 1016 1864 lglturintra
1026 1802 1254 1863 urbemtumnlarl,
1263 1815 1383 1864 magnum

291 1875 390 1924 sistris
406 1867 571 1939 stiam'opud
589 1876 699 1926 Sabinos
716 1878 818 1928 nomino
856 1877 1014 1926 eteximinm
1032 1875 1155 1941 quiddam
1173 1875 1233 1926 init.
1266 1875 1340 1925 Unda
1355 1883 1386 1924 at

290 1949 420 2006 babuerit,
432 1951 497 2000 Atta
507 1952 596 2002 'l'atins
608 1953 725 2002 clausos.
748 1951 818 2002 tttnd
856 1951 1011 2001 Plutarchus
1028 1952 1053 2000 in
1072 1949 1203 2001 Probiam.
1220 1950 1266 2009 ait,
1283 1951 1385 2000 cinerea

291 2037 354 2074 asro
365 2025 391 2074 iu
405 2025 492 2089 primia
503 2027 644 2076 notandum
656 2035 706 2084 est,
714 2041 767 2090 eos,
775 2028 820 2092 qui
856 2040 953 2086 eornm,
969 2027 1012 2088 qui
1031 2027 1243 2089 triumphassent,
1254 2028 1282 2075 in
1292 2025 1384 2076 urbem

292 2101 352 2150 olim
372 2102 479 2150 Romam
491 2101 704 2165 commigrabant,
716 2104 820 2153 nomina
856 2101 1051 2150 lemelicnisae.
1078 2102 1385 2165 EtVsataliburquoqne

291 2191 339 2224 aua
360 2175 424 2224 dare
444 2175 572 2241 dsbnlsae,
594 2177 616 2226 si
632 2178 677 2240 jns
703 2179 819 2228 ciuitatis
858 2176 1385 2240 virginibuspermissnm‚ustntraorbem

292 2249 401 2314 adipisci
412 2251 518 2307 vellent,
531 2260 610 2316 atqua
620 2266 651 2302 ea
667 2255 819 2317 plerumque
857 2253 998 2315 sepulturas
1010 2251 1184 2312 traderentur,
1195 2249 1269 2299 testis
1278 2250 1386 2299 estser-

291 2333 393 2377 motata
403 2325 493 2388 inissa,
503 2340 555 2392 qno
565 2328 647 2391 tnagis
660 2328 769 2379 Romani
783 2328 819 2376 ai·
857 2325 914 2376 rius
926 2325 958 2374 ad
970 2337 1009 2372 ιι.
1020 2324 1076 2373 AEn.
1093 2324 1172 2372 More.
1182 2324 1275 2372 Donat.

292 2402 423 2453 derantur.
439 2403 819 2468 SicAttaGlarsaus‚Ap.Clnn·
888 2397 1091 2460 Adrapaltarors]
1105 2397 1204 2444 Plinius
1215 2397 1318 2446 librar.
1327 2412 1388 2464 cap.

292 2475 349 2526 dius
359 2477 502 2534 iacturam,
512 2477 817 2536 atbucnmoilts,l)sma·
856 2477 896 2519 nl.
911 2471 1033 2534 ‘ipsum'
1048 2473 1142 2536 inquit,
1158 2474 1296 2533 ‘cremari
1315 2477 1385 2541 apud

292 2553 343 2602 rati
352 2549 491 2612 iiliua,cnm
502 2548 647 2614 Tarquiniis
654 2547 763 2597 Romam
775 2561 818 2596 re·
856 2545 983 2596 Romanoa
1002 2561 1052 2596 non
1068 2545 1119 2598 init
1137 2550 1233 2598 notens
1251 2548 1382 2601 instiustiz

293 2629 384 2689 nisset,
405 2630 554 2690 comparato
573 2624 610 2674 ibi
628 2622 768 2684 domicilio,
790 2623 821 2672 1..
856 2629 926 2672 tarra
953 2623 1141 2672 condebantur.
1184 2623 1221 2672 At
1248 2631 1384 2689 postquam

293 2701 428 2766 Tarquinii
437 2713 529 2750 nomon
540 2699 630 2749 edidit.
648 2699 732 2750 llacte
742 2699 822 2762 igitur
855 2698 1000 2762 longtnquis
1012 2697 1086 2749 bellis
1100 2699 1206 2748 obrutor
1222 2700 1278 2748 arui
1290 2713 1384 2764 cogno-

295 2779 377 2826 omnis
395 2775 558 2839 antiquitatis
579 2775 748 2838 peritissimus
763 2775 820 2824 Vir-
857 2787 927 2835 rora,
936 2781 998 2822 tunc
1011 2773 1174 2822 institutorur
1187 2779 1214 2822 et
1226 2781 1312 2823 tamen
1321 2775 1384 2823 mul·

293 2852 338 2916 pil.
356 2852 444 2900 ‘Eoos
459 2850 611 2900 Sabinorum
623 2851 747 2915 priaoode
763 2866 820 2900 san·
858 2857 892 2899 tae
911 2847 1017 2898 familias
1036 2848 1132 2911 priscos
1150 2861 1288 2897 aorrarsro
1301 2851 1382 2899 ritus:

295 2926 372 2992 guina
390 2939 508 2988 magnum
528 2926 629 2990 Agonen
649 2940 728 2990 agens
745 2927 821 2977 Clau·
857 2924 924 2974 sicut
941 2925 967 2973 in
977 2923 1099 2973 Cornelia
1116 2935 1191 2972 namo
1207 2929 1268 2972 anta
1286 2923 1384 2986 Syllam

295 3017 347 3060 aua,
370 3001 505 3065 magnique
526 3003 582 3065 ipss
603 3005 712 3066 agminia
731 3005 821 3065 imtar,
856 2997 1302 3048 Dictatorsrntraditurcrematus.'
1325 2999 1383 3046 Non

296 3076 406 3128 Claudia
431 3091 499 3125 nunc
520 3091 606 3140 aquo
627 3077 779 3128 diffunditur
794 3087 822 3127 st
857 3072 1138 3137 iuit,iuquit‚‘rstsria
1151 3071 1280 3123 instituti!
1301 3073 1384 3136 Atqui

296 3153 378 3204 tribus
401 3159 428 3202 et
454 3167 516 3216 gena
546 3153 600 3203 Per
628 3155 740 3206 Latium.
764 3153 821 3201 lbr-
857 3148 899 3197 lex
912 3149 955 3196 illa
969 3161 1019 3198 xri.
1030 3148 1110 3197 tabul.
1122 3161 1198 3211 quam
1215 3162 1246 3196 ca
1260 3148 1384 3199 Cicerone

295 3233 358 3278 mr.
858 3223 942 3274 lilarc.
954 3223 1072 3271 Donatus
1087 3222 1206 3285 protulit,
1216 3221 1313 3272 diserta
1329 3237 1383 3272 crs·

331 3304 391 3352 Post
401 3319 468 3364 reges
477 3303 583 3366 exortos]
595 3301 696 3366 Appius
706 3303 822 3359 Cinnano,
858 3299 977 3347 mationia
1000 3297 1125 3362 meminit,
1148 3309 1220 3346 uara
1241 3309 1334 3348 unito.
1356 3308 1383 3349 et

296 3378 330 3427 ad
356 3379 532 3427 transitionem
554 3379 688 3427 concitatio
709 3377 822 3442 quinque
857 3372 1014 3423 l’lutarclrus
1035 3373 1061 3421 in
1085 3372 1177 3434 Numa,
1195 3373 1329 3436 ‘corpua,’
1347 3374 1385 3422 in·

296 3451 458 3502 ramularum
471 3453 656 3513 millibua,oum
667 3452 822 3510 bis3iiberir·
860 3453 924 3515 quit,
942 3459 1099 3500 ‘crematum
1112 3459 1223 3507 nonest,
1241 3449 1310 3515 quod
1328 3449 1384 3513 ipra

296 3541 347 3592 que
366 3537 392 3576 ot
410 3528 541 3584 uxoribus.
563 3528 669 3578 Romam
689 3526 823 3592 proiectus
858 3529 901 3592 (ut
911 3526 1008 3592 fertur)
1017 3525 1194 3591 prohibuerit?
1226 3525 1291 3576 Erat
1306 3525 1386 3588 igitur

297 3611 413 3662 caucum
424 3603 556 3665 Poplicola
567 3616 595 3651 ro
606 3611 666 3654 auto
685 3603 823 3655 communi·
859 3604 987 3654 communi
1002 3617 1048 3653 usn
1066 3606 1209 3666 receptum.
1228 3609 1257 3652 ut
1277 3598 1386 3652 flammis

298 3687 375 3730 cata:
393 3679 517 3742 abeoquo
533 3678 658 3730 benevola
677 3687 704 3731 et
721 3688 823 3744 promto
859 3679 1056 3729 absumerentur
1082 3678 1217 3727 cadavera.
1249 3677 1293 3728 Sic
1321 3676 1385 3726 Ori·

299 3757 323 3806 ei
341 3756 489 3820 hospitium,
509 3761 538 3804 et
559 3754 653 3817 omnia,
670 3763 698 3804 ut
723 3769 824 3818 aqnum
860 3755 916 3804 diua
928 3755 954 3803 in
966 3753 1054 3802 tunore
1067 3751 1139 3802 Remi
1150 3753 1274 3803 :‘Ultiura
1285 3751 1386 3816 plorato

298 3829 572 3893 arat,auut,exbibita.
602 3830 666 3878 Nam
678 3837 705 3878 at
717 3828 825 3880 familias
860 3826 961 3877 subdita
974 3825 1075 3876 flamma
1086 3839 1149 3889 rogo
1158 3827 1216 3876 aar!
1247 3826 1331 3876 Porro
1341 3841 1386 3876 uo·

299 3909 387 3958 statim
398 3907 505 3970 civitate
516 3904 629 3967 donavit,
648 3912 675 3954 et
687 3904 824 3969 unicuique
860 3919 918 3956 men
936 3905 1018 3967 ipsum
1032 3902 1183 3966 sepulturas,
1197 3915 1248 3965 quo
1259 3916 1331 3965 sraps
1344 3915 1386 3951 re·

298 3983 404 4034 bomini'
415 3981 466 4032 dno
481 3981 535 4044 agri
549 3982 645 4046 jugera
659 3981 733 4031 dadit
745 3982 824 4045 juxta
861 3988 930 4032 teres
942 3987 1058 4034 utuntur,
1076 3977 1225 4028 cremationi
1238 3979 1384 4042 nentiquam

299 4060 425 4109 Anienem
436 4057 551 4108 durium.
585 4059 773 4110 clauaoautem
780 4059 824 4122 ju·
860 4055 974 4112 officere,
997 4054 1090 4117 probat
1108 4052 1172 4103 iliud
1191 4053 1277 4113 Plinii,
1294 4053 1386 4104 eodem

300 4147 363 4196 pern
374 4134 463 4196 viginti
475 4131 586 4197 quinquo
602 4133 709 4197 torgitur
721 4143 770 4198 aot,
786 4134 824 4197 ip·
861 4133 949 4196 capito
965 4132 1002 4181 sic
1019 4129 1173 4179 scribentis:
1190 4128 1329 4191 ‘Sepultus
1349 4128 1386 4179 iu·

300 4205 407 4273 scioque
428 4210 495 4259 inter
512 4209 650 4262 Senatores
667 4208 824 4276 adscripsit:
861 4207 986 4270 telligitur
998 4218 1098 4271 quoque
1111 4203 1185 4254 modo
1198 4202 1326 4262 conditus,
1342 4205 1387 4254 bu·
