3180 4910
282 317 367 386 lolii
629 333 736 385 norm
759 331 960 386 vsmonoir
986 333 1025 385 ru

283 477 315 526 In
325 490 401 542 quem
413 491 465 527 rem
481 477 602 528 nieiistur
613 477 806 528 similitudines
875 481 906 530 L.
924 480 1023 542 Pisone]
1040 479 1069 529 L.
1092 477 1163 543 Piso,
1184 477 1252 528 urbis
1265 467 1370 540 dusios,

281 552 375 601 muscis
397 552 488 614 petita.
521 553 588 602 Vide
601 553 644 601 lib.
655 565 736 603 xvrrs.
754 552 807 603 Au·
844 555 931 604 ebrius
947 571 978 604 ex
996 570 1046 618 quio
1064 557 1142 604 semei
1158 554 1243 605 fuctus
1260 557 1299 603 esi
1316 553 1370 603 fuit

282 627 472 691 siminorum.
844 633 964 693 msjosem
982 637 1080 693 purtem
1101 631 1183 679 noetis
1203 631 1229 678 iu
1251 630 1369 679 convivio

312 702 371 752 dise
387 701 547 751 consuloribss
566 701 807 766 iegmis185ris,et
843 707 985 769 exigebat:
1004 719 1083 770 nsque
1104 705 1137 774 sd
1160 705 1246 754 lrursm
1268 711 1369 752 sextum

280 778 409 842 Hitpsois
420 778 509 839 omuis,
520 785 630 841 excepts
650 779 758 838 Bustica,
770 777 806 827 iu·
842 778 898 830 fers
909 780 1069 829 dormiebat:
1088 781 1136 828 hoo
1147 788 1203 828 ersi
1215 780 1270 849 ejus
1286 787 1369 827 metu·

282 859 324 902 ter
342 853 453 902 Cessrls
472 853 619 916 provinciss
634 861 807 903 numeruntur.
843 854 933 902 tinum.
968 852 1088 904 Officium
1104 863 1195 922 *temen
1215 866 1298 916 suum,
1316 867 1370 916 quo

280 927 379 978 Quibus
404 928 447 991 qui
474 933 612 990 preerunt,
636 925 726 989 Lsgsti
750 928 806 976 Cae·
844 930 924 978 tutslu
940 929 1010 978 urbis
1027 928 1371 991 contiuebstundiilgentis·

281 1015 365 1050 surum
386 1003 543 1052 vocabuntur
562 1003 579 1051 l.
598 1002 695 1064 penult.
712 1002 746 1050 de
763 1001 808 1053 off.
843 1005 905 1051 sime
926 1004 1122 1054 sdmiuistrsrit.
1157 1003 1226 1052 Huic
1248 1011 1275 1052 et
1294 1003 1370 1050 diens

281 1075 361 1126 Prot.
380 1077 398 1125 l.
420 1091 455 1126 tv.
475 1077 507 1126 ds
524 1075 567 1125 off.
584 1090 674 1125 susem·
690 1078 708 1126 i.
725 1091 753 1126 x.
773 1079 806 1126 de
843 1077 975 1140 Augustus
1001 1078 1074 1128 dedit
1106 1085 1207 1127 secrete
1238 1076 1373 1138 muudsts,

281 1158 397 1200 seeosst.
428 1150 478 1199 Sed
499 1152 554 1199 hoc
580 1151 682 1198 nomino
699 1149 806 1201 confore
842 1154 977 1202 oumiilnm
986 1151 1368 1216 proponeret'l'lsrsoiae‚qusm

281 1224 418 1273 admodum
439 1234 466 1274 et
478 1226 623 1288 promiscue
642 1225 675 1273 sb
693 1226 805 1276 surturi·
841 1227 1004 1289 perdomuit:
1022 1235 1050 1276 et
1068 1227 1186 1276 'liberius
1203 1225 1369 1289 proficiscens

279 1299 327 1348 bus
340 1309 504 1363 usurpantur,
516 1299 650 1362 Profecti,
660 1301 806 1349 Proconsn·
841 1301 866 1350 in
880 1303 1057 1364 (lampuniam,
1067 1317 1124 1350 oum
1137 1303 1216 1350 mults
1229 1301 1253 1348 in
1266 1303 1327 1349 urire
1339 1305 1369 1348 et

280 1375 329 1436 les,
343 1375 531 1438 Propmiores,
546 1375 686 1430 Presidos,
706 1375 805 1438 Legati.
841 1387 962 1440 suspects
971 1379 1131 1441 relinqueret
1141 1385 1169 1425 ot
1179 1377 1271 1424 inrisu.
1296 1376 1368 1425 Puto

279 1449 387 1498 Torreui.
420 1449 486 1497 Vide
512 1449 627 1496 Ssimssli
656 1455 743 1497 uotsm
772 1449 803 1497 sd
842 1453 902 1514 quis
914 1452 949 1500 illi
961 1451 1025 1500 bene
1041 1457 1153 1500 cesserat
1167 1451 1266 1498 Pisonis
1285 1449 1367 1498 ebrie·

280 1537 337 1584 esp.
349 1528 390 1572 tr.
408 1521 476 1586 Aug.
487 1523 572 1571 Taciti
589 1535 690 1586 quoque
703 1522 746 1570 ills
758 1523 805 1572 line
842 1531 890 1581 iss.
909 1534 1001 1588 postes
1012 1526 1118 1575 Cossum
1136 1524 1200 1574 fecit
1216 1524 1287 1572 urbis
1301 1537 1366 1586 pros·

279 1604 410 1659 spectent,
422 1598 492 1647 circs
502 1593 676 1646 liuens'dnusl.
689 1611 708 1645 ι.
724 1597 805 1646 ‘Pos-
842 1599 950 1662 lectum,
962 1602 1043 1650 sirum
1064 1614 1179 1663 gravem,
1197 1601 1367 1658 moderatum,

279 1680 405 1722 tremoeo
417 1679 613 1735 provectuum,
628 1680 657 1720 nt
668 1672 804 1720 rusudsre·
841 1674 886 1722 sed
904 1687 1014 1724 mersum
1027 1676 1094 1732 sino,
1105 1682 1134 1724 et
1151 1675 1304 1724 medentem.
1320 1675 1366 1724 Se-

279 1748 474 1811 sitquibusdsm
485 1749 637 1810 prouincias,
647 1748 803 1811 quosegredi
840 1763 913 1798 neos.
1039 1747 1042 1754 ’

282 1821 407 1872 urbenon
419 1830 473 1872 esst
486 1823 624 1886 psssurus.'
875 1823 986 1874 Οιηηίιοι
1007 1827 1116 1886 lorum
1136 1825 1234 1888 unicos]
1249 1825 1297 1874 Ills
1319 1838 1365 1887 pu-

310 1897 425 1947 Csmi.
435 1898 485 1947 Pro
494 1896 804 1960 Cioudio,Cuidius]Prisei
841 1902 892 1950 tius
908 1902 1007 1950 urbsus
1021 1917 1078 1950 esse
1096 1901 1213 1958 dixerim,
1228 1916 1286 1964 qrsae
1305 1907 1366 1949 snnt

278 1971 803 2034 ‘cnidum’dieebsnmetAngusmnm-
840 1977 941 2040 generis
962 1976 1087 2039 ejusdem,
1108 1991 1166 2040 quim
1194 1975 1301 2024 ridicula
1326 1974 1366 2022 di·

277 2053 335 2098 tore
343 2047 510 2110 Quintilium,
519 2047 706 2114 inepistolissd
715 2049 804 2100 (isium
841 2054 945 2112 cuntur,
958 2057 984 2098 et
1001 2057 1087 2099 temen
1103 2049 1211 2099 ridicula
1227 2064 1277 2099 uon
1290 2055 1364 2099 snut:

279 2123 408 2172 Gessium
427 2125 530 2186 seriptis
549 2125 677 2179 emendet,
696 2125 762 2188 quod
782 2127 803 2174 is
841 2133 869 2174 ut
881 2125 913 2173 de
925 2125 1043 2174 Pollione
1055 2121 1142 2173 Asinio
1159 2126 1232 2174 seriis
1247 2125 1364 2188 jocisque

275 2196 802 2264 ‘alidum'‘quum’,ssldumdioersms·
841 2201 941 2262 puriter
969 2199 1162 2248 accommodato
1188 2200 1283 2249 dietum
1313 2207 1363 2260 est,

275 2273 340 2322 vuit.
355 2275 463 2323 Vetsros
473 2282 558 2324 sutem
568 2287 627 2323 usos
637 2287 693 2323 esss
705 2275 730 2322 iu
741 2282 802 2337 poto
839 2273 912 2322 ‘esse
923 2287 981 2322 eum
991 2273 1102 2323 omnium
1110 2274 1246 2324 irorssum.¹
1263 2275 1363 2325 Quinti·

276 2353 329 2396 tsm
341 2348 434 2402 culids.
446 2361 521 2411 qurum
531 2347 625 2410 frigida
635 2362 711 2412 sqns,
721 2349 803 2397 nullus
839 2347 932 2398 lienus.
1033 2359 1035 2364 ·

274 2420 387 2484 ignoret.
415 2423 482 2472 Hinc
496 2423 563 2486 apud
573 2423 720 2471 Martialem
733 2425 804 2473 siunt
874 2422 1193 2485 cenomannensium]
1213 2422 1363 2476 Condioere.

276 2496 373 2542 urceoli
392 2490 589 2541 ministratorii:
612 2489 731 2553 ‘Frigido
753 2505 802 2541 non
841 2499 927 2540 uetere
951 2498 1047 2558 ringus,
1075 2504 1113 2544 est
1141 2495 1312 2557 ‹lemmtisrs;
1337 2501 1364 2545 et

275 2566 353 2626 desit,
380 2581 430 2616 nou
461 2566 546 2615 deerit
579 2564 653 2613 oslds
682 2563 802 2626 petenti!
840 2567 980 2628 condictio,
990 2566 1167 2628 denuniistio;
1185 2576 1213 2617 ut
1224 2577 1251 2617 et
1263 2578 1364 2620 veteres

275 2643 413 2703 Existimo,
424 2641 553 2690 Tiberium
564 2653 611 2703 pro
623 2639 731 2688 Clsudlo
744 2637 802 2688 Csi·
839 2639 1007 2690 Grsrumstioi
1026 2649 1052 2690 et
1068 2640 1249 2691 turriscousutii
1262 2644 1364 2694 docent.

274 2717 343 2767 dium
349 2717 800 2781 jocularitersppeilsturmnouism
839 2715 958 2764 Muretus.
993 2715 1137 2764 Consiluere
1158 2715 1295 2779 aliquando
1314 2719 1365 2780 sig·

274 2793 307 2841 ob
324 2807 414 2856 aqrssm
433 2791 550 2847 relidam.
568 2804 642 2855 quem
664 2790 697 2839 ob
717 2792 801 2853 potio·
839 2789 937 2852 uiliest,
948 2791 1111 2840 consentire:
1128 2793 1243 2840 summis
1260 2801 1287 2842 et
1306 2807 1364 2852 συμ-

275 2881 321 2917 nes
340 2866 454 2917 eulidss:
472 2865 610 2930 dequibus
628 2865 666 2912 uio
688 2864 801 2927 loquitur
837 2863 934 2926 φάσθαι.
951 2865 1052 2916 Soinms.

275 2942 372 2990 Plinius
385 2943 410 2990 in
424 2953 526 2990 xxvrsr.
558 2938 727 2989 ‘Notandum
745 2941 800 2988 nul·
872 2941 909 2988 Ob
926 2945 1017 3002 epotum
1036 2941 1061 2989 in
1080 2941 1184 2989 conuiuio
1202 2943 1253 2990 vini
1270 2943 1361 3004 umplo-

273 3017 326 3066 ium
345 3016 412 3065 uliud
429 3016 532 3078 enimsi,
551 3020 648 3077 preter
665 3012 800 3074 hominem,
837 3014 902 3076 rom]
919 3015 1049 3078 Amphors
1069 3023 1110 3065 est
1127 3024 1219 3064 ootsvu
1235 3031 1294 3078 psrs
1305 3019 1362 3080 ejus

272 3091 368 3142 calidos
397 3098 474 3154 potus
502 3090 583 3153 sequi,
611 3087 720 3151 ideoque
749 3103 799 3137 non
838 3092 906 3138 tusis
926 3090 994 3154 quod
1022 3090 1133 3139 modium
1156 3090 1208 3138 riui
1236 3091 1361 3140 dicimus:

273 3181 329 3217 esss
340 3165 485 3215 ustursles.'
502 3167 615 3215 Bermid.
836 3164 949 3214 modium
961 3165 1013 3213 sini
1031 3165 1175 3214 Psrisiuum
1194 3165 1303 3220 tricenos
1320 3179 1360 3213 se-

305 3244 336 3291 ls
359 3244 413 3306 ipso
434 3241 578 3304 pullicorum
601 3253 691 3289 ssorum
710 3253 800 3289 correo·
836 3255 883 3289 nos
905 3241 1031 3288 sextarios
1051 3247 1153 3289 nostros
1175 3242 1257 3302 eupit,
1276 3247 1360 3288 sexis·

273 3314 347 3376 tione]
366 3316 506 3380 Postquam
524 3314 607 3364 cressi
625 3327 743 3363 censores
754 3313 799 3362 de·
837 3315 888 3362 rius
908 3323 993 3364 nutem
1012 3323 1118 3364 ootonss
1134 3329 1177 3363 ess
1193 3329 1256 3378 quus
1275 3317 1361 3377 pintus

271 3389 379 3444 siisseut.
401 3389 424 3437 ei
457 3403 524 3438 ouroe
550 3390 718 3450 imperotores
748 3387 798 3450 ipsi
835 3387 953 3437 dicimus.
987 3389 1019 3438 iu
1041 3388 1118 3436 aridis
1138 3397 1224 3438 sutem
1244 3403 1290 3452 pro
1309 3403 1360 3439 um-

271 3463 345 3512 initio
358 3461 527 3524 prefuerunt,
542 3469 586 3511 snt
601 3462 665 3509 silos
675 3463 720 3524 qni
733 3475 798 3524 psae·
835 3463 916 3525 pisum
928 3463 1096 3526 quadrantem
1112 3465 1218 3512 sexturii
1233 3465 1363 3526 habemus,

272 3547 358 3587 essent
370 3536 609 3598 ,oresremnnupud
623 3549 687 3599 quos
700 3535 732 3584 ds
745 3550 796 3585 mo·
834 3536 860 3584 id
878 3545 928 3598 est,
948 3545 1033 3586 ternos
1050 3537 1185 3598 liosselios‚
1204 3552 1251 3600 pro
1269 3540 1360 3602 quibus

270 3613 340 3662 sibus
355 3611 480 3674 judicium
499 3617 630 3672 ageretur,
645 3617 672 3659 et
687 3611 796 3659 mexime
834 3624 878 3658 sss
898 3612 1044 3659 trimodium
1065 3611 1185 3660 lisbemus
1203 3611 1360 3663 dimidiatum

270 3688 482 3750 intereonjugss.
516 3685 796 3737 QusdereGeil.iib.
833 3685 997 3733 medimnum.
1029 3685 1072 3734 Sic
1089 3687 1117 3735 iit
1129 3686 1253 3736 credibile
1265 3687 1361 3750 quoda

270 3776 311 3812 tv.
323 3775 345 3811 c·
356 3765 396 3810 20.
420 3761 523 3822 Ulpium
542 3759 583 3808 tit.
600 3773 638 3808 vt.
655 3766 682 3807 et
701 3759 795 3809 l'sulns
831 3758 980 3820 Tranquillo
997 3759 1103 3816 dicitur,
1114 3768 1215 3822 epotsm
1233 3775 1284 3809 uno
1299 3773 1359 3809 oon·

270 3836 303 3885 ds
328 3835 410 3897 nsciis
430 3833 557 3882 dotslilsus
576 3833 592 3879 i.
613 3846 638 3881 v.
673 3831 757 3894 Adde,
775 3835 795 3881 si
833 3834 900 3881 rivio
916 3834 950 3882 sb
966 3847 1017 3882 uuo
1028 3833 1129 3882 homins
1140 3834 1192 3882 riui
1204 3835 1360 3898 ampliorum.

269 3910 351 3968 lubet,
379 3907 541 3958 Coostsutiui
571 3907 681 3956 cesaris
712 3908 794 3969 legem
833 3907 945 3956 umam.

270 3984 333 4034 Cori.
349 3983 525 4032 ‘l'lreodosisuo
544 3983 576 4030 de
587 3983 691 4045 nuptiis.
732 3983 794 4032 Fre·
864 3983 957 4046 Boleti]
978 3982 1046 4031 Hinc
1068 3983 1155 4032 doletur
1176 3997 1256 4046 genus
1278 3983 1359 4034 inuris

268 4059 436 4122 queusetism
452 4058 477 4104 iu
496 4057 793 4106 deolsmstionilsuscou·
830 4065 875 4106 sut
897 4059 973 4119 disci,
995 4059 1033 4107 sio
1058 4059 1165 4114 dictum,
1186 4059 1254 4122 qrrod
1277 4061 1302 4107 iu
1325 4071 1356 4107 eo

264 4133 357 4200 jugum
369 4133 402 4182 de
413 4132 525 4181 moribus
536 4133 612 4181 sotio.
632 4132 741 4181 rmus.
831 4133 911 4183 boleti
931 4140 1030 4183 tautum
1051 4143 1252 4197 apponerentur.
1267 4143 1355 4197 postes
