3212 4914
304 439 391 512 1866
654 455 763 506 unum
787 455 988 508 vnnrnntru
1013 457 1053 507 ru

300 608 437 654 exornato.
466 595 717 664 Noeadao'mirum,
730 601 834 664 Angor·
904 603 988 666 Neque
1004 606 1078 652 atate
1093 612 1166 666 tregue
1182 601 1405 669 mipore'irrtegri]

303 687 357 730 tom
366 679 391 729 io
401 679 511 742 gratiam
520 677 692 728 rediimorum
699 677 834 742 Neptuno,
869 678 949 728 Sento
961 686 989 728 et
1002 678 1095 728 rnorho
1106 676 1231 729 coniecti.
1248 679 1326 728 Beni.

302 757 376 819 eujur
394 769 487 804 numen
506 754 572 805 ndeo
587 753 728 818 propitium
745 755 770 803 io
785 753 833 804 hae
902 753 1032 818 Hpiritioe]
1061 753 1200 820 Hybrida,
1229 754 1298 804 aient
1321 753 1403 805 docet

304 829 704 895 riotoriainitexpertur.Beru.
869 828 1028 892 Porphyrio,
1049 830 1173 880 dicuutur
1195 841 1280 884 moer,
1299 825 1346 893 qui
1366 841 1402 878 ex

333 908 401 958 Cre.
412 911 453 957 la.
475 908 535 956 Pori
547 905 609 969 irae]
620 907 704 956 Uitra.
723 905 752 956 Si
764 905 833 957 euim
870 903 1010 967 imparibus
1030 905 1181 968 pareutihur
1200 904 1255 954 nati
1266 911 1337 965 runt,
1352 905 1401 954 hor.

300 983 334 1034 ad
347 991 447 1048 tempor
465 983 491 1034 id
509 983 618 1043 reterri,
636 995 686 1032 non
703 981 833 1048 procedit,
868 988 919 1043 ert,
926 995 959 1030 ex
966 981 1087 1031 venatico
1095 987 1122 1031 et
1131 980 1257 1045 gregario.
1274 979 1400 1031 Parhana

296 1075 377 1125 quum
389 1061 448 1110 viro
459 1060 538 1109 etiarn
555 1057 669 1109 Antonio
681 1059 832 1122 periculosis
869 1055 1071 1113 similitudinem,
1087 1057 1131 1122 qui
1148 1063 1224 1121 patre
1238 1055 1356 1105 Romano
1373 1061 1401 1106 et

296 1137 433 1200 'Arguitur
444 1132 666 1198 conjurationihm
679 1137 775 1199 petitur
787 1136 831 1186 rit.
868 1139 951 1182 matre
964 1133 1187 1196 peregrinaretur
1198 1133 1299 1187 enaret
1312 1147 1327 1182 e
1338 1145 1399 1182 corr·

299 1213 388 1265 Sohrli.
614 1205 617 1212 '
864 1209 957 1272 trano,
978 1209 1087 1273 hybrida
1109 1209 1263 1273 appellatur.
1297 1207 1399 1258 Piiniur

333 1289 516 1352 Gorrjarotiorrer
538 1289 679 1353 complures]
693 1289 765 1339 Dum
785 1283 831 1339 ΑΙ·
868 1299 930 1335 rero
943 1287 970 1334 in
985 1299 1049 1335 rur.
1061 1287 1161 1343 rerihit,
1173 1283 1296 1349 hybridae
1311 1286 1399 1336 vooari

299 1380 346 1432 per
366 1373 456 1431 pacat,
475 1365 657 1429 immixtosque
669 1365 761 1416 mediae
773 1365 831 1429 proi
867 1375 927 1410 ruer
940 1375 971 1412 ex
981 1360 1037 1411 fero
1049 1368 1077 1412 et
1093 1360 1237 1412 domestico
1248 1375 1292 1410 rue
1305 1375 1399 1426 proge-

297 1448 326 1492 et
337 1441 447 1505 imperio
459 1441 546 1491 horter
558 1441 704 1505 perdomat,
720 1441 780 1490 ‹iurn
792 1442 830 1490 ui·
867 1437 1008 1502 tritumque
1017 1437 1159 1501 appellatio
1168 1437 1200 1486 eti
1209 1437 1324 1486 hominen
1334 1451 1398 1501 qno·

298 1522 339 1566 tre
363 1517 493 1573 Rhenum,
515 1517 675 1582 Euphratem
694 1525 722 1568 et
740 1520 830 1568 Denn-
867 1527 917 1577 que
926 1513 1050 1562 trauriata
1059 1521 1108 1564 eat.
1125 1514 1213 1564 Valer-
1224 1514 1297 1563 Max.
1305 1515 1397 1564 author

239 1623 244 1630 -
297 1591 369 1643 bium
390 1594 512 1644 terminon
534 1602 632 1657 mouet,
651 1595 676 1643 in
695 1595 749 1659 ipra
764 1596 830 1645 urhe
866 1597 916 1654 ert,
928 1591 1053 1643 Quintum
1062 1592 1170 1642 Verium
1187 1592 1397 1656 cognominrtum

296 1669 428 1732 Morenre,
439 1667 542 1733 hepidi,
554 1670 721 1734 Egnatianum
731 1671 757 1720 in
770 1685 828 1722 anm
865 1664 946 1718 suirre
959 1667 1114 1732 Hybridam‚
1133 1674 1242 1732 propter
1260 1667 1395 1718 ohrourtrnt

296 1759 433 1802 mucrone·
446 1744 614 1795 acuebantur.
631 1746 739 1795 Seneca.
861 1743 906 1808 jur
928 1745 1051 1794 ciuitatir.
1069 1745 1180 1796 Remuli·
1221 1745 1330 1808 nupomt
1355 1759 1396 1796 re·

329 1821 422 1871 iariioie
437 1820 553 1884 muctar]
570 1819 656 1870 Iudex
671 1828 722 1877 ert,
734 1822 779 1888 qni
790 1821 829 1872 ie·
864 1820 1000 1883 periuntor
1019 1822 1086 1884 apud
1105 1820 1217 1871 Dionem
1234 1822 1260 1870 in
1280 1822 1345 1870 retia
1362 1820 1395 1870 A.

294 1895 401 1961 cihorir,
413 1897 486 1960 oojnr
496 1897 552 1961 ipre
565 1903 606 1946 ert
623 1899 751 1961 conscius,
762 1901 827 1950 iato-
864 1909 969 1946 nocuit.
982 1897 1074 1961 quibnr
1085 1897 1110 1946 in
1122 1894 1207 1946 officio
1222 1897 1395 1952 continendis,

295 1971 355 2020 hm
377 1971 486 2028 indicat,
508 1973 660 2035 impunitate
683 1976 827 2038 proposita.
865 1971 991 2022 Catonem
1011 1973 1150 2036 Dyrrachii
1171 1973 1315 2038 Pompeios
1335 1973 1393 2023 reii-

294 2047 435 2112 lndioium,
452 2048 511 2099 taiir
528 2049 625 2100 delatio
640 2049 825 2115 detectioquer
864 2047 930 2113 quit.

295 2137 353 2187 qua
372 2131 401 2175 et
421 2123 574 2175 ‘indicina’
592 2125 689 2176 dieitur
708 2126 825 2190 Apuleio.
897 2125 938 2173 Ati
957 2129 1088 2175 euronium
1100 2125 1209 2190 Telephi]
1225 2125 1257 2176 In
1275 2125 1392 2190 Telepho

294 2199 416 2251 iudicare
427 2215 474 2266 pro
493 2202 616 2252 indicium
628 2201 725 2252 iacere.
753 2202 826 2253 Indi·
863 2199 949 2249 eunte
971 2200 1094 2265 indigna:
1112 2201 1181 2265 qnod
1202 2215 1303 2265 aeruna,
1323 2200 1393 2268 quoti

294 2275 362 2325 oium
381 2285 422 2327 ort
439 2279 519 2328 etiam
538 2277 596 2342 ipra
608 2291 708 2330 mercer
726 2279 826 2332 indicia.
863 2274 1392 2343 nutterts‚quottortor,rtre‚nuodidem

294 2351 371 2402 Bm.
861 2358 913 2414 ert,
929 2356 1133 2405 nomenculator.
1168 2355 1252 2420 Hujus
1271 2370 1333 2424 repo
1347 2356 1393 2405 mi·

325 2429 413 2493 Lepidi
424 2429 533 2494 jamia]
552 2429 612 2479 Fuit
628 2429 668 2479 tric
679 2429 718 2478 M.
731 2430 824 2496 Lepidi
861 2427 996 2476 misterium
1015 2443 1065 2478 uon
1083 2430 1116 2478 ad
1133 2429 1314 2494 prensatiouer
1335 2437 1391 2480 tao-

293 2503 421 2554 triumuiri
433 2519 466 2555 ex
483 2505 560 2554 Bruti
576 2518 664 2556 aorore
675 2505 752 2569 hiim,
770 2506 823 2556 An·
861 2509 915 2552 tum
927 2503 1124 2554 candidatorum
1136 2499 1280 2570 pertinuit:
1299 2506 1345 2557 rod
1358 2507 1392 2558 ad

293 2581 358 2629 tonii
369 2593 458 2644 gener.
474 2579 550 2630 Idem
771 2641 775 2648 Ι
860 2580 1030 2631 ratutationer
1042 2582 1182 2632 matutinae
1198 2589 1227 2632 et
1244 2582 1391 2649 dispositio·

329 2657 410 2708 Patrili
417 2656 556 2722 mereri]
572 2658 652 2708 Socer
665 2673 773 2724 magnnr
785 2659 823 2712 ‹tt-
860 2669 921 2706 trem
938 2656 1115 2720 convivarum,
1132 2659 1232 2723 aliaque
1252 2660 1324 2711 talia.
1343 2661 1390 2711 Ge·

293 2733 362 2784 nitur
372 2735 460 2784 uxorio
471 2749 535 2783 mear
547 2749 620 2799 avua,
638 2736 681 2800 qui
694 2743 722 2786 et
735 2751 823 2800 proro-
859 2731 926 2782 mh.
959 2734 999 2783 Au
1008 2734 1152 2798 mnenon]
1168 2734 1263 2784 Refero
1275 2736 1327 2797 iila,
1343 2735 1391 2786 ‘ad

293 2819 339 2857 cer
351 2809 459 2873 dicitnr,
470 2816 498 2860 nt
509 2823 559 2874 ego
570 2825 626 2861 num
640 2812 707 2861 iltius
729 2828 821 2878 pmge.
860 2810 1023 2864 extremum!
1038 2825 1088 2860 non
1109 2809 1141 2860 ati
1162 2810 1310 2860 inridiartun
1321 2811 1390 2860 orrii·
1430 2835 1432 2838 ·

292 2897 355 2936 ner:
376 2892 403 2936 et
416 2901 479 2936 arur
496 2901 569 2936 meur
577 2901 651 2956 nocer
662 2901 769 2951 magnus
781 2897 823 2940 ert
859 2895 933 2932 trem
948 2885 1251 2947 ntmrriSeneotafider,
1261 2885 1391 2950 postcin-

292 2963 474 3023 murmurare,
496 2963 541 3012 iiia
557 2963 595 3012 iiii
613 2977 759 3026 pronurur:
776 2981 822 3016 au·
860 2973 917 3010 wit
941 2974 1016 3010 tiemo
1038 2961 1149 3025 Augusti
1171 2961 1231 3012 '1¹ae
1252 2961 1388 3012 inridittut

293 3041 336 3086 tor
346 3037 513 3088 Modestinus
521 3039 570 3090 Jc.
583 3041 689 3090 Luctum
701 3041 821 3092 Pontium
859 3043 915 3085 ert:
934 3037 981 3086 red
990 3036 1022 3087 ad
1032 3037 1147 3086 ordinem
1156 3037 1321 3096 ornationis,
1329 3053 1387 3103 qua

291 3127 465 3178 progenerum
482 3115 594 3180 Augnrti
621 3118 737 3181 appeitat
758 3119 821 3168 Sne.
858 3113 1066 3161 inhoederinitr
1084 3112 1389 3176 rotadperronaritita-

290 3191 387 3254 tonino,
409 3191 468 3255 quia
494 3189 591 3241 Juiinm
618 3191 685 3240 iiiiur
713 3200 819 3255 neptem
858 3193 919 3236 tem.
937 3188 1011 3236 Idem.

288 3279 397 3316 uxorem
416 3265 537 3322 hahebat,
559 3266 627 3315 nient
650 3263 755 3315 inierim
778 3271 819 3316 tit.
893 3263 993 3313 Ultimo
1011 3263 1095 3330 rortir]
1113 3263 1305 3329 Ahjeatirrimar
1326 3282 1387 3320 oon-

290 3338 478 3389 (ieoiarahitur.
511 3341 614 3390 Seneca
644 3339 730 3402 Epist.
758 3351 820 3391 xxi.
857 3338 970 3390 ditionii.
988 3341 1064 3390 Beru.

289 3419 314 3464 θ.
337 3414 472 3464 'liberium
494 3415 611 3479 appaiiat
633 3415 819 3478 ‘progenerum
889 3416 967 3482 Lixo]
985 3417 1108 3469 Miiitrtria
1120 3430 1219 3470 rerrur.
1237 3422 1312 3472 idem.

290 3491 429 3554 Pomponii
437 3490 539 3550 Attici:
552 3493 613 3558 quia
624 3506 728 3542 uxorem
740 3492 820 3543 dnxe·
888 3493 955 3544 Cur.
973 3499 1015 3544 20.
1039 3496 1088 3545 Per
1103 3496 1141 3560 ar]
1157 3497 1211 3548 Suo
1228 3498 1319 3564 daem,
1333 3515 1385 3552 non

289 3572 331 3614 rat
347 3564 519 3631 Agrippinam
530 3569 600 3618 iiiior
612 3577 717 3633 neptem
729 3583 762 3620 ex
780 3572 818 3621 Μ.
856 3584 903 3636 per
913 3573 1021 3635 togatos.
1038 3573 1113 3624 Iden.

288 3641 407 3708 Agrippa
418 3645 540 3708 genitam·
557 3647 672 3696 Beroniti.
891 3649 1036 3700 Dalmatiam
1045 3653 1176 3702 amtorem
1182 3652 1271 3718 adhe]
1283 3654 1385 3707 Annum

321 3720 449 3770 Faimrrrm
470 3719 675 3786 tainum-ret]
704 3723 819 3774 rotroni.
855 3739 936 3789 agenr
955 3727 1122 3790 trigerimnm.
1155 3727 1290 3793 Appianna
1306 3731 1332 3780 in
1349 3731 1385 3781 li·

289 3793 331 3845 Ad
347 3796 432 3860 tegam
444 3795 590 3847 Corneliam
601 3797 636 3848 de
652 3797 722 3848 iniria
732 3800 819 3851 denia·
854 3803 941 3866 iprioir
950 3803 1124 3866 aiarearguit.
1140 3804 1223 3854 Recte
1234 3805 1314 3869 igitur
1323 3807 1331 3835 ⁴
1340 3807 1385 3856 ati·

288 3881 371 3934 ratur,
382 3887 441 3924 euru
453 3886 528 3938 praua
540 3872 660 3924 iatramm
672 3876 818 3928 tabularum
855 3879 932 3928 huc:'
957 3887 987 3930 ut
1015 3879 1189 3945 inteiiigamru
1211 3881 1244 3932 tie
1266 3891 1384 3935 extrema

288 3949 381 4005 teneri,
405 3951 449 4014 qui
475 3952 818 4010 tentamentum-deleverit,
855 3954 1037 4005 adolescentia.
1056 3955 1157 4006 Garrah.

288 4026 469 4090 resignaverit,
487 4027 564 4092 quina
577 4027 818 4079 tentamentnmiai·
889 4031 1069 4097 cantabricum]
1100 4033 1242 4097 Portqunm
1264 4041 1384 4086 extrema

287 4115 343 4153 rom
354 4104 499 4168 irripuerit,
516 4105 597 4171 quiin
612 4104 707 4154 tahuiir
725 4103 816 4155 fetrum
854 4109 978 4158 cantabri
990 4108 1382 4175 uiuunt,oertatimigne,ierro⁸

285 4177 389 4229 feeerit.
423 4181 462 4230 Ea
483 4195 545 4231 rero
573 4196 650 4246 perna
668 4180 816 4244 deportatio
853 4185 1382 4252 intereprriar,renenoqrre,qootiihirni·

287 4262 336 4308 ert.
352 4262 379 4308 et
398 4259 511 4308 omniurn
528 4257 651 4310 honoram
666 4258 816 4323 puhlioutio.
853 4273 886 4324 go
905 4273 938 4308 ex
960 4259 1095 4309 arhorihnr
1122 4261 1189 4309 taxii
1215 4261 1381 4326 exprimitur,

287 4329 362 4384 Μαι.
852 4348 1002 4400 praecepere
1020 4341 1139 4398 mortem,
1155 4348 1237 4401 reque
1252 4351 1313 4403 perr
1326 4351 1379 4390 nra·
