3180 4910
267 304 353 372 1480
587 305 723 368 'uuum
748 316 949 366 vaurouuu
976 316 1015 364 ru

269 455 374 510 muudi-¹
393 457 493 507 Gnsoul.
836 457 937 522 phistis·
971 461 1012 510 De
1042 456 1137 509 talibus
1170 457 1216 508 sit·
1238 459 1367 523 parasitus

302 537 385 587 Gutus
400 537 456 586 cite
467 535 535 584 ciuile
546 535 672 584 edussdsus
681 533 798 598 instituit]
836 533 992 584 Plautinus:
1024 532 1109 584 ‘Turn
1137 533 1226 586 Greci
1257 535 1366 598 palliati,

271 613 360 664 Genus
380 612 451 668 vitu,
467 625 613 675 quanquam
639 611 799 673 usitatorum
837 606 1053 658 ...suffarcinati
1080 623 1139 659 curn
1162 609 1244 666 libris,
1262 616 1290 657 et
1307 623 1366 658 curu

270 688 413 752 proprium,
436 686 585 736 melioribus
616 693 703 735 tamen
731 685 800 734 iuter
837 685 1099 748 sportulis.’Bcroold.
1115 684 1367 748 Grsecanaliospud

268 763 399 828 principes
410 775 497 812 rernm
510 763 678 824 aestimatum,
697 767 728 810 ut
747 760 801 812 Au·
838 759 978 824 plerasque
996 761 1114 810 nulinues
1126 761 1249 811 sanitatis
1261 769 1294 810 ‘et
1305 760 1368 810 lesi·

267 839 388 902 gusto,in
400 838 454 902 ejus
466 836 801 902 vitucap.tl.etTrsjuuo,
837 833 898 882 tatis
919 831 1019 884 iussmis
1039 842 1104 885 erut.
1139 835 1209 885 Hinc
1228 835 1367 886 Graeculus

267 914 301 962 de
313 928 364 977 quo
374 914 491 963 Plinius:
504 915 512 941 ⁴
523 911 801 966 Puruuruibus,etlroc
838 908 954 972 ineptum
974 910 1103 960 bominem
1122 918 1150 960 ct
1168 911 1312 960 sanitatum
1328 920 1368 959 st·

266 995 368 1040 tantum
385 991 488 1040 ceteris
510 989 601 1053 major,
623 1002 674 1052 quo
695 975 802 1036 melior.'
838 985 933 1034 seciam
956 992 1037 1038 notat.
1069 987 1190 1038 Juvenal.
1210 986 1304 1050 Satyrs
1325 999 1369 1036 sss.

267 1065 379 1114 Tacitus
397 1077 510 1130 quoque,
525 1065 616 1129 probri
633 1065 701 1126 sies,
712 1062 802 1112 illuda
838 1061 990 1113 ‘Graculus
1003 1064 1119 1114 esuriens
1131 1065 1157 1112 in
1173 1065 1276 1126 coslum,
1285 1065 1369 1128 jusse-

269 1140 511 1204 populojnclutum
533 1139 665 1189 meminit:
696 1137 802 1202 ‘displi·
839 1137 883 1200 ris,
895 1139 960 1188 ibit!
977 1139 1132 1202 Spartianus
1155 1139 1289 1188 Adrianus
1302 1138 1367 1187 ‘Inue

269 1231 329 1266 cere
347 1217 515 1279 regnantibus
534 1216 620 1266 ciuilia
634 1214 745 1264 liliosum
764 1213 802 1262 iu·
839 1212 967 1279 bntntque
986 1215 1126 1279 impensius
1146 1214 1247 1264 Granis
1264 1213 1368 1270 studiis,

270 1291 364 1356 genia!
382 1292 513 1342 Privatus
526 1292 594 1357 quod
606 1297 718 1356 spectat,
729 1304 801 1353 egre·
837 1289 942 1353 iugenio¹
953 1291 1010 1354 ejus
1021 1291 1058 1340 sic
1075 1290 1108 1339 sd
1126 1303 1158 1340 ea
1169 1289 1328 1346 declinante,
1339 1295 1370 1338 ut

268 1367 310 1431 gie
339 1366 444 1417 Tullius
467 1369 493 1416 ln
524 1367 663 1432 primodo
686 1364 800 1417 Officiis:
839 1365 1304 1417 auonuulltsGraeculusdicescmr:
1321 1365 1367 1414 At·

269 1443 277 1469 ‘
288 1441 405 1504 Oportet
413 1442 541 1506 prisuturu
550 1457 634 1507 aequo,
642 1448 669 1492 ct
677 1443 733 1505 pari
745 1455 802 1491 cusu
839 1457 889 1507 que
900 1443 967 1492 lsnuc
978 1450 1138 1494 contemtum
1150 1442 1277 1492 imminuti
1287 1441 1369 1492 nomi·

269 1517 371 1568 ciuibus
381 1519 441 1582 jure
452 1520 540 1568 sisere
553 1535 559 1568 ε
573 1518 754 1568 tulem'buuusn
767 1517 802 1567 ci·
839 1517 879 1567 nis
893 1526 1030 1569 servarunt
1047 1518 1079 1568 ad
1097 1517 1190 1568 ultima
1204 1529 1286 1582 usqne
1304 1525 1370 1566 teus·

270 1607 337 1642 seur·
349 1593 440 1643 dicere
456 1593 587 1644 solemus!
621 1593 658 1644 Ar
676 1593 803 1651 Tiberius,
840 1598 911 1658 po'ra.
930 1595 1056 1644 Boethius.

272 1682 419 1733 qnauqnsns
447 1669 621 1718 'l'ribunitiam
646 1675 802 1732 potestatem
872 1671 903 1719 iu
915 1671 1057 1734 disponendo
1067 1671 1119 1735 die]
1131 1670 1257 1721 linteus
1266 1668 1369 1719 utilissi-

271 1743 384 1794 noudum
425 1745 600 1808 deposuisset,
639 1745 803 1794 nibilominus
840 1759 908 1795 suum
920 1747 1371 1812 morem:neqrsceuisualiterteuu·

271 1835 398 1884 propensi
414 1829 659 1886 sequomutuseum
676 1821 803 1872 Graeculis
841 1827 911 1888 poris
933 1826 1001 1876 serio
1021 1835 1141 1875 constare
1164 1831 1267 1888 potest:
1285 1823 1323 1874 sio
1343 1828 1371 1873 et

272 1895 358 1946 officia
370 1897 513 1960 usurpauit.
841 1902 909 1966 apud
922 1902 1028 1953 Grecos
1040 1901 1251 1965 diligentissimus
1261 1899 1370 1965 quisque

305 1976 364 2024 Siue
374 1976 457 2025 lictore
470 1981 512 2025 eut
530 1974 632 2038 sinim]
650 1976 708 2025 Vim
721 1980 802 2025 terro·
841 1984 869 2029 et
889 1978 1115 2042 prudentissimus.
1147 1979 1229 2027 Vetus
1256 1977 1370 2040 scriptor

272 2053 379 2116 remque
391 2052 492 2117 imperii
510 2051 619 2101 Romani
631 2051 804 2102 ostendebant
841 2054 909 2118 spssd
930 2054 1079 2104 stobaeum:
1114 2051 1261 2118 Ξενοκράτης
1280 2053 1370 2116 trapa·

273 2128 389 2184 lictores,
406 2142 521 2193 secures,
539 2125 639 2179 fasces:
657 2129 727 2192 iden,
744 2144 802 2179 cuns
841 2129 943 2180 ἕκαστον
952 2129 1073 2194 sulpureis
1082 2130 1167 2196 iussione
1177 2129 1298 2194 'cismatis
1307 2135 1370 2190 rua,

272 2203 396 2268 adempto
408 2204 451 2254 illo
464 2213 544 2266 metu,
554 2205 719 2268 magistratus
731 2207 804 2271 qnasi
842 2205 882 2256 sel
892 2208 923 2272 τῇ
931 2210 1011 2272 σιωηῖ
1022 2206 1091 2272 μέρος
1103 2206 1212 2267 ὰπένιμι.
1246 2205 1308 2256 stet
1318 2205 1371 2254 dis·

274 2280 307 2329 ad
327 2281 423 2331 amicos
443 2295 521 2345 agere
541 2281 670 2340 solebant,
690 2296 804 2332 remove·
843 2297 938 2346 ponere
949 2282 1070 2351 uetateup'
1085 2283 1155 2346 opud
1166 2285 1289 2332 Senecam
1302 2280 1371 2343 epis-

272 2355 337 2406 bant
368 2357 480 2421 insignis
512 2357 658 2420 potestatis.
697 2358 804 2409 Tacitus
841 2360 942 2409 tolunr.
963 2357 1063 2406 Gesneb.
1098 2353 1371 2419 Disponere,bic.est,

273 2430 344 2484 Auo.
356 2445 388 2480 ιι.
405 2432 439 2481 de
455 2433 630 2484 Germanico:
645 2434 732 2484 ‘Hinc
743 2449 803 2484 seu·
841 2432 960 2485 diuidere
970 2432 1023 2482 dici
1034 2443 1118 2481 curas.
1143 2429 1186 2479 ltu
1197 2429 1372 2494 ‘disposuisse

274 2513 330 2558 tum
341 2506 468 2569 Athenas,
479 2505 623 2572 foederique
634 2507 711 2556 sociae
723 2513 751 2556 et
761 2521 804 2556 re·
842 2518 918 2556 curas
930 2505 1046 2570 lruperii'
1064 2504 1179 2554 Silenum
1191 2503 1256 2554 dicit
1265 2504 1371 2556 Tacitus

274 2584 353 2634 tusta'e
376 2582 447 2634 urbis
470 2582 570 2646 datum,
589 2597 641 2633 uuo
661 2591 692 2633 ut
712 2583 805 2633 lictore
842 2579 1210 2632 subiuitiumierednn.xvs.
1227 2581 1373 2645 ‘Tempora

274 2659 410 2711 uteretur.'
454 2661 490 2710 Et
517 2659 611 2710 similia
634 2659 667 2708 de
689 2656 805 2710 Antonio
843 2656 978 2721 disidcrs,’
994 2657 1149 2720 Agriol'it.
1168 2656 1292 2706 Boubon.

276 2731 413 2801 Appianae
424 2737 470 2787 lib.
483 2749 522 2787 tv.
534 2736 605 2798 Ἐμφ.
623 2736 730 2799 Lipsius.
877 2733 999 2797 Quidquid
1016 2748 1134 2795 agrorum
1149 2733 1175 2782 iu
1191 2732 1289 2782 ciuitnls
1302 2738 1373 2789 esset,

311 2811 445 2877 Gpmsuu'o
489 2812 609 2863 intercisus
646 2810 807 2874 obambulans]
842 2811 975 2860 vinitorem
992 2811 1062 2875 esde]
1078 2811 1194 2862 consitas
1211 2826 1261 2861 uon
1281 2811 1373 2862 alsbur-

276 2887 404 2952 Duplicia
427 2888 559 2952 amussis
580 2885 663 2950 fuere,
689 2887 807 2950 corporis
844 2899 901 2936 sens
913 2901 928 2936 a
940 2886 1053 2936 moribus
1064 2887 1172 2940 liberii:
1186 2887 1372 2939 Velleinsnus·¹

275 2963 377 3014 scilicet
386 2969 413 3012 et
421 2963 508 3013 animi.
535 2963 683 3014 Communis
694 2963 807 3013 omniurn
844 2969 884 3012 rel
896 2962 979 3012 simile
989 2964 1050 3028 quid
1063 2963 1096 3013 de
1108 2963 1219 3014 eodem:
1244 2965 1372 3016 ‘Nemus

276 3042 469 3105 gymnasiorum
491 3042 562 3092 Deus
587 3047 630 3092 cst
649 3040 806 3102 Mercurius,
844 3039 1071 3101 nobisgrsdumse
1090 3049 1206 3092 nostrum
1218 3049 1263 3092 aut
1275 3045 1373 3106 prisnei

238 3169 243 3174 ,
276 3122 330 3166 laus
342 3131 430 3168 eornsn
441 3131 498 3182 que
511 3117 587 3166 enimi
595 3122 664 3180 sunt,
676 3131 752 3181 quam
764 3129 807 3166 eo·
844 3116 966 3166 dentibus
983 3124 1030 3166 aut
1050 3117 1218 3181 sequentibus
1229 3117 1372 3170 imbecilius

277 3206 334 3242 rum
353 3207 410 3258 qun
423 3193 548 3257 corporis.
582 3193 700 3244 Minerva
720 3197 807 3241 autern
844 3191 905 3256 suit,
927 3193 1002 3256 cujus
1025 3194 1096 3243 salus
1119 3200 1165 3243 aut
1185 3193 1298 3243 solitudo
1319 3207 1371 3242 uon

278 3268 416 3333 siugulsris
436 3280 464 3319 et
480 3269 585 3334 propria
601 3275 659 3318 erut
672 3267 806 3331 gymnasii,
844 3269 1239 3319 sustentareturCoesariscurat
1250 3274 1372 3334 tanquam

279 3343 347 3407 qood
367 3343 548 3394 institueretur
566 3344 598 3393 sd
614 3343 710 3392 cultum
731 3342 808 3392 animi
845 3343 1058 3394 distractissisnus
1071 3345 1114 3393 ille
1126 3351 1256 3395 tantorum
1267 3357 1374 3396 onerum

279 3424 428 3483 tautum,et
446 3421 478 3469 ad
495 3418 685 3484 disputationes
697 3427 808 3468 commc-
845 3420 913 3473 mole
930 3420 991 3470 huic
1009 3419 1052 3469 uui
1070 3423 1176 3484 negotio
1195 3429 1302 3472 secaret
1319 3423 1373 3472 sui·

279 3496 488 3559 moraliouesq'ue
513 3496 545 3544 de
566 3495 732 3559 philosophiae
754 3501 808 3544 stu·
846 3497 919 3547 mus!
953 3497 1049 3548 Quare'
1062 3511 1113 3546 uon
1133 3497 1214 3560 probo
1238 3497 1383 3546 lectionem·

279 3569 338 3619 diis.
373 3569 447 3619 Unde
459 3571 553 3620 Cicero
568 3571 667 3637 scribit,
679 3571 688 3598 ‘
698 3571 808 3621 Hermu·
845 3575 1006 3641 quorundum
1017 3574 1140 3624 librorum
1151 3573 1235 3623 doctis
1247 3573 1376 3624 nouuullis

279 3645 397 3696 theuam'
410 3659 468 3696 sese
478 3647 503 3696 in
516 3646 657 3700 Academia
669 3649 736 3699 sillae
746 3650 808 3700 Tus·
845 3653 980 3716 prolsstum
1010 3665 1132 3714 egrotum,
1159 3665 1234 3715 qoam
1257 3652 1284 3699 in
1306 3651 1376 3702 nullo

280 3724 380 3775 cnlauoe
392 3723 516 3789 posuisse,
534 3723 560 3773 id
573 3732 623 3789 cst,
639 3728 665 3776 in
681 3741 734 3776 una
753 3725 808 3777 basi
845 3736 991 3778 nostrornm
1012 3728 1164 3790 reperimus·
1201 3727 1285 3777 Taceo
1304 3726 1375 3792 quod

279 3799 380 3864 siguum
389 3814 524 3851 commune
533 3801 664 3852 Mercurio
673 3810 701 3853 et
710 3803 809 3852 Miner·
846 3805 954 3855 verbum
973 3801 1115 3852 ‘visitare'
1139 3803 1171 3852 de
1190 3801 1261 3865 seris
1284 3817 1375 3866 parum

282 3891 330 3930 su.
347 3881 448 3930 lbrsel.
482 3879 810 3944 lngysunssioetiisccisl
847 3887 911 3944 apte
938 3879 1077 3928 diceretur.
1116 3879 1216 3929 cosesb.
1260 3878 1377 3930 Laudats

281 3955 397 4005 sacrario
408 3954 607 4022 pleraquedeuu
616 3956 729 4019 seposito
739 3961 810 4018 sunt,
846 3956 985 4006 multomm
1009 3954 1159 4018 Principum
1186 3953 1280 4018 pietus,
1305 3952 1376 4018 qued

246 4049 250 4056 ’
283 4033 356 4096 queis
383 4033 502 4097 Romani,
533 4040 560 4082 et
588 4047 663 4096 seges
687 4032 810 4082 Romanis
848 4030 1087 4098 aegrotosviserinl.
1119 4031 1164 4080 Sic
1175 4031 1243 4080 enim
1255 4028 1289 4079 de
1300 4031 1377 4080 Cisu·

282 4105 436 4173 Gracisqne
447 4109 593 4174 cupientes,
612 4106 725 4160 erndlos
736 4121 811 4159 exos·
847 4109 891 4158 dio
902 4109 963 4167 Dio,
974 4107 1007 4156 de
1019 4099 1153 4157 lisidrlano
1168 4105 1333 4170 Spartianus,
1343 4104 1377 4156 de

283 4188 386 4231 uerunt.
402 4185 504 4237 Strabo.
847 4185 957 4250 Trojano
968 4189 995 4231 et
1012 4182 1141 4235 Gratiano
1153 4183 1280 4234 llusoulus
1291 4183 1380 4234 Pana·

318 4257 379 4310 Cam
391 4259 520 4331 Groecslis]
535 4262 706 4329 Philosopbis,
724 4269 752 4315 et
771 4276 811 4316 su-
848 4260 948 4330 pyrico.
966 4257 1075 4309 Tbnust.
