3212 4914
514 452 545 499 o.
568 449 749 499 sunuouu
774 442 982 498 eeu-numu.
1209 428 1293 501 1361

198 599 242 656 tet,
253 581 359 644 senes.
393 591 516 642 Lucanus
533 606 579 642 sen
591 593 648 657 quis
662 593 728 643 allus
766 593 840 642 iamsi
858 589 947 641 Roma
958 589 1099 640 decederet
1117 589 1180 648 elta,
1198 603 1245 655 per
1256 590 1294 642 lo·

199 673 232 721 ad
244 673 376 726 Pisonem,
387 683 421 721 ex
432 670 516 718 ueteri
526 669 650 732 lectione,
660 669 727 718 ‘Sed
766 680 821 718 rum
830 670 936 728 elatum,
948 665 1131 716 Alexandriam
1143 665 1175 716 sd
1187 667 1295 732 Cleopa·

199 749 320 798 miserum
338 760 419 810 parua
437 744 626 810 ulpeloetlsr:
662 747 728 796 Pro·
765 754 832 795 tram
841 747 999 795 mitteretur.
1008 737 1143 793 Plutarch.
1166 743 1295 795 Consid-

199 826 257 890 prie
274 823 390 874 focillate
408 829 450 873 eet
467 836 550 885 agras
566 819 653 874 fauces
670 825 728 873 lane
766 837 831 872 mas.
849 822 955 878 Quodis
974 822 1055 870 Romo
1070 821 1144 870 elima
1159 821 1188 869 de
1200 821 1296 884 Cleepo-

200 900 321 963 apposits
331 897 430 959 furere,
450 906 480 948 ut
491 898 542 949 init
552 899 649 950 muris:
667 913 729 950 eon·
766 905 815 962 tro,
826 897 906 948 liberis
916 897 980 948 ister
990 898 1086 947 secun
1098 897 1249 960 nuncupetis,
1260 911 1298 946 re·

199 983 242 1024 tra
253 972 365 1024 effocare
376 975 487 1025 dicimus
497 973 596 1038 lances,
609 989 729 1040 premere
767 977 879 1042 liqueret.

199 1050 232 1100 ad
253 1050 401 1114 pernitiem.
430 1051 532 1101 emet.
575 1051 728 1116 Foeilioturn]
801 1053 869 1103 luter
879 1051 1137 1117 imedesnsneapotis]
1162 1051 1215 1104 Qui
1229 1051 1298 1101 eires

199 1124 263 1187 Alii,
282 1124 393 1176 fortasse
419 1125 588 1190 probabilius,
613 1125 730 1177 focillate
769 1127 1098 1192 Romaninunerant,nec
1115 1133 1297 1180 testamentum

200 1201 382 1251 diminutivum
401 1200 502 1253 faciunt
513 1216 529 1251 a
540 1200 656 1252 foenlara
669 1201 731 1267 (sen
768 1201 865 1258 faeere,
881 1217 931 1254 nee
949 1210 1108 1254 testamento
1119 1211 1200 1254 testes
1218 1205 1299 1254 inter·

200 1275 323 1340 loeilere)
335 1277 402 1340 apud
421 1277 546 1340 Nonium,
561 1277 609 1328 hoe
626 1285 677 1337 eat,
693 1275 731 1326 ie·
769 1291 837 1334 esse,
847 1293 933 1344 neque
944 1293 976 1328 ex
991 1285 1150 1330 testamento
1160 1281 1297 1348 quidquam

202 1365 271 1414 rere,
282 1352 640 1417 blanduoalorepermnleere
653 1365 733 1401 aere·
770 1369 865 1418 cupere
881 1361 1012 1419 poterant.
1048 1355 1079 1405 ld
1098 1355 1166 1421 quod
1184 1356 1210 1404 in
1227 1356 1299 1406 libris

201 1426 288 1477 linere.
307 1428 333 1477 ld
353 1435 439 1478 autem
457 1443 508 1478 non
527 1427 634 1486 alans,
652 1427 697 1476 sed
716 1442 732 1477 a
769 1431 797 1483 J.
808 1430 839 1480 C.
861 1431 985 1495 positum,
1004 1432 1138 1481 Ciceronis
1158 1431 1235 1480 etiam
1256 1446 1301 1480 au·

201 1501 282 1560 loeus,
295 1502 511 1566 lacuturnenses.
546 1505 669 1554 Ceterum
686 1519 733 1568 pro
772 1507 898 1557 thoritate
929 1507 1003 1556 uideo
1034 1508 1241 1572 comprobatum.
1275 1507 1301 1556 Is

194 1578 330 1636 semitutum
343 1579 472 1630 'terrentii
487 1580 572 1630 codex
589 1581 666 1630 lrabet
681 1581 732 1640 sel·
761 1583 839 1632 ‘enim
856 1583 976 1633 Archiam
993 1583 1103 1634 Poitam
1125 1585 1207 1634 civem
1227 1585 1300 1634 llum.

201 1656 282 1704 litum:
301 1656 370 1706 unde
381 1655 563 1721 ipseseleitnm,
578 1666 623 1706 snt
634 1657 733 1718 snitum,
770 1658 860 1718 inisse,
873 1673 906 1708 eo
924 1666 1077 1722 argumento
1096 1659 1220 1720 ostendite
1233 1661 1301 1728 qnod

201 1734 355 1796 prosettam,
366 1734 503 1797 legendum
520 1733 638 1797 putabat.
656 1733 733 1784 Bern.
771 1735 930 1784 hereditates
945 1735 1053 1784 adiisset
1072 1735 1166 1785 uirium
1186 1737 1302 1785 Romen

206 1831 210 1840 ·
234 1809 396 1870 Degenerare
414 1808 569 1858 ansedeili
587 1808 663 1872 more]
690 1809 734 1858 ln·
772 1809 892 1859 AEbutius
904 1809 1025 1871 negabat,
1038 1809 1169 1860 Caecinam
1180 1811 1301 1860 Volater-

202 1885 296 1947 teliigit
308 1884 379 1935 faeta
390 1886 497 1934 Antonii
509 1894 599 1934 contre
608 1887 734 1950 nrsJ'nrur'n
772 1899 873 1947 ranam,
884 1895 913 1935 nt
925 1886 992 1933 idern
1005 1887 1031 1935 in
1050 1884 1201 1935 defensione
1220 1885 1303 1935 Caei-

202 1961 324 2010 instituts
352 1967 380 2011 et
408 1963 564 2024 grauitatem
585 1963 735 2020 Ronlanum,
772 1959 999 2022 nmait,heredem
1019 1961 1303 2024 Cseeiumessepnsse,

204 2051 261 2098 qum
275 2035 396 2098 plurllsua
414 2036 579 2099 explicantur
596 2037 629 2085 alr
642 2030 736 2087 'Hiatoo
772 2036 842 2101 quod
852 2037 1034 2086 Volaterranis
1053 2037 1145 2085 civitas
1162 2037 1219 2085 aL.
1231 2035 1303 2098 Sylla

203 2111 271 2159 sicis.
288 2111 356 2160 Vide
368 2111 478 2161 Dionem
489 2111 563 2161 initio
575 2112 631 2162 libri
644 2127 670 2162 r..
688 2112 736 2163 Cu-
772 2112 903 2161 dictatore
915 2119 982 2162 esset
995 2111 1124 2175 adempta.
1141 2109 1227 2173 Sigen.

165 2251 169 2258 Ι
202 2188 268 2237 anub.
376 2249 378 2254 Ι
808 2187 1012 2250 Necessitudines]
1028 2187 1303 2250 Seneneeessitaspm

243 2263 737 2327 Testuasentausnprrr'endarnreeituudnm-
770 2263 832 2326 jure
848 2261 985 2327 officioque
1002 2263 1175 2312 observantie
1193 2259 1304 2311 affinita-

205 2353 304 2403 quepne
315 2341 536 2404 emdeaemreua't]
556 2341 599 2392 De
618 2344 667 2391 hue
684 2342 738 2391 Au·
774 2341 861 2404 tisque
883 2339 1032 2404 infrequens
1061 2349 1119 2390 est:
1148 2351 1304 2404 quanquam,

207 2418 275 2477 pusn
295 2415 366 2465 laeto
383 2416 503 2480 equidem
518 2417 556 2466 sie
567 2418 696 2480 existimo,
709 2423 738 2467 nt
774 2417 819 2481 qni
830 2416 865 2466 ob
875 2417 923 2465 lruc
933 2415 1016 2478 ipsum
1028 2415 1072 2479 jus
1084 2413 1218 2465 affinitatis
1231 2413 1305 2464 lemi-

204 2492 274 2540 inter
291 2493 412 2555 exempla
430 2505 531 2554 magum
549 2493 679 2556 eujusdam
691 2494 737 2542 lm·
775 2493 1071 2557 liaritatisveeonjnnetl
1085 2500 1155 2556 sunt,
1166 2493 1306 2542 necessarii

204 2567 338 2616 munitatis
351 2565 656 2618 referendumeeuseem.
679 2566 738 2616 Pri·
775 2569 907 2629 dieuutur‚
926 2569 1031 2632 repperi
1049 2576 1136 2618 tamen
1149 2569 1175 2617 ln
1188 2569 1306 2618 eratione
1404 2620 1406 2624 f

168 2704 174 2710 Ι
204 2657 273 2691 nrum
284 2643 345 2707 qnia
362 2651 453 2691 eontra
468 2643 512 2705 jus
526 2650 625 2691 naturae
644 2649 692 2699 est,
708 2649 739 2690 nt
776 2643 935 2706 C-Csesaris,
944 2659 994 2708 qua
1003 2643 1135 2693 Plautiam
1143 2644 1305 2707 rogationem

205 2717 283 2767 rebem
295 2717 386 2765 alienis
398 2731 447 2765 nos
466 2717 667 2778 immisceamur,
679 2729 737 2781 quas
775 2719 864 2773 sumit,
882 2719 1068 2768 necessitatem
1086 2719 1184 2768 dietam
1202 2733 1250 2782 pro
1261 2731 1305 2767 ne·

205 2792 238 2842 sd
251 2794 371 2842 nonnihil
383 2793 524 2856 pertinent.
557 2793 644 2842 Multo
654 2793 738 2842 minus
776 2792 947 2844 cessitndiue.
964 2793 1025 2843 Aul.
1038 2794 1148 2844 Gellius.

206 2883 309 2935 sequnm
321 2870 434 2929 ridetur,
448 2883 505 2934 que
524 2869 559 2919 sit
577 2869 684 2933 alicujus
702 2869 738 2917 ul·
810 2867 841 2918 ln
858 2869 1018 2918 Antoniorum
1037 2867 1159 2930 clientelo]
1186 2867 1244 2917 Mos
1257 2865 1307 2918 luit

204 2943 289 2994 uentis
300 2943 461 3007 nolentisque
477 2943 594 2991 voluntas
607 2943 738 3006 superlis,
777 2945 846 3008 apud
858 2953 971 3008 ueteres,
983 2953 1012 2994 nt
1025 2944 1135 3009 quilibet
1149 2946 1259 3007 populus
1276 2957 1306 2994 ae

206 3034 264 3084 qua·
286 3025 472 3082 postmortem
491 3033 563 3067 suam
585 3017 642 3068 fieti
666 3020 738 3082 velit,
776 3020 849 3068 natio
872 3019 960 3069 Romm
979 3033 1051 3069 snum
1072 3026 1207 3084 patronum
1231 3017 1308 3068 lrabe-

204 3101 334 3158 satagere.
347 3095 524 3144 Plutarehmit
534 3094 615 3145 uisum
625 3095 674 3145 bne
684 3095 738 3146 fae·
775 3105 816 3145 ret
826 3111 833 3145 s
846 3095 1065 3160 itaSyracuseuos
1073 3095 1098 3144 in
1106 3095 1227 3144 clientela
1237 3093 1308 3144 Mar-

205 3180 260 3221 tusn
271 3169 458 3221 eumenum
468 3169 549 3221 δεινόν.
574 3169 738 3236 unoquoque
775 3171 902 3221 italiorum
922 3170 1003 3222 fuisse
1021 3171 1146 3234 legimus:
1170 3171 1210 3218 ita‘
1226 3161 1308 3220 Lace:

206 3245 483 3317 inneneuuendiun
501 3253 584 3295 ruent.
618 3246 738 3310 Amplius
775 3247 917 3297 daemonius
935 3247 961 3296 iu
982 3247 1106 3297 clientela
1123 3247 1306 3297 Claudiorum:

206 3323 276 3384 dieu,
292 3323 389 3385 capital
405 3323 543 3371 admissum
562 3321 582 3369 si
594 3321 738 3370 aestimetur
775 3322 977 3388 ltaAllnbrogas
986 3329 1120 3388 patronum
1128 3323 1248 3374 habuisse
1257 3325 1307 3372 Fa·

205 3397 255 3447 lano
268 3395 369 3447 ia'etnm
388 3396 488 3460 legibus
504 3397 647 3446 Romanius
665 3405 738 3446 tene·
776 3401 847 3450 bium
858 3397 982 3463 Sangam.
998 3399 1113 3449 Bermld.

208 3481 282 3522 retur
297 3473 367 3522 enim
380 3487 457 3536 plena
471 3472 538 3534 legis
553 3471 692 3528 Corneliae,
704 3471 738 3521 de
811 3476 924 3526 Gratiam
939 3474 1002 3536 feeit
1024 3474 1170 3536 coniurandi
1184 3487 1237 3523 eum
1257 3477 1308 3523 totn

206 3548 277 3597 {slsis
293 3549 345 3612 leg·
362 3561 381 3596 t.
398 3549 433 3596 Ι).
446 3546 478 3595 ad
495 3547 580 3610 legem
592 3547 737 3597 Corneliam
777 3551 851 3602 iloiiu
860 3567 904 3616 pro
921 3551 1032 3616 portibus
1041 3551 1103 3614 suis]
1119 3549 1229 3599 Plautus
1248 3547 1308 3613 ‘ju-

208 3626 241 3678 lie
256 3623 328 3675 falsis
348 3626 399 3689 leg.
414 3620 577 3674 anserinis.
594 3623 628 3672 de
645 3626 738 3688 pesnis.
778 3629 814 3677 ils
828 3629 936 3691 jnruudi
949 3629 1057 3692 gratiam
1069 3625 1175 3683 fteere‚'
1189 3633 1308 3676 extremo

138 3763 143 3772 ¹
207 3698 292 3750 Taceo
304 3700 427 3749 violssissm
438 3699 560 3772 'Deorum
579 3697 739 3761 lelissiffllemr
778 3705 909 3761 Rudente,
920 3718 968 3767 pro
979 3717 995 3752 a
1001 3703 1151 3766 juramento
1163 3702 1307 3764 absolvere,

208 3786 318 3841 vorum
350 3773 529 3825 sacerdotibus
559 3773 738 3837 sanctissimis,
778 3779 825 3829 et‘
838 3778 1077 3842 pecunlaegratiarn
1092 3776 1308 3840 faeere‚’prere.

208 3853 352 3917 virginibus
367 3850 526 3907 Vestalibus,
543 3850 671 3900 Antonius
690 3851 739 3900 hoe
777 3854 882 3902 mittere
895 3852 971 3913 dixit,
982 3860 1011 3900 ut
1027 3853 1136 3913 Seneca,
1154 3849 1222 3900 ‘Dis
1234 3857 1307 3899 unto-

209 3936 397 3980 testamentnm
409 3929 582 3978 commiserat.
600 3927 674 3977 lrlrm.
778 3943 832 3978 rum
845 3929 954 3992 gratiam
972 3925 1080 3988 iacere,'
1099 3925 1183 3990 Epist.
1202 3939 1230 3975 x.
1250 3925 1307 3974 l'er-

240 4005 280 4057 De
293 4009 425 4071 Cleopatra
435 4005 529 4069 libaid
555 4005 739 4068 Deipsaquu-
776 4009 839 4056 rent.
871 4001 1008 4055 ‘Gratiam
1021 3999 1174 4067 conjurandi
1185 3999 1269 4061 feeit,'
1281 3999 1306 4050 iri

210 4097 260 4147 que
280 4083 423 4147 Cleopatra
434 4081 462 4132 ln
474 4081 627 4131 testamenti
644 4081 683 4131 sul
699 4086 739 4130 ta·
777 4089 827 4144 est,
839 4081 955 4146 pennlsit
968 4081 1013 4141 eis,
1025 4093 1057 4128 ne
1076 4091 1134 4126 eum
1154 4085 1211 4127 tots
1229 4077 1307 4126 ltalia

210 4156 278 4207 lrulis
287 4163 379 4222 egerat
387 4155 523 4207 Antonine.
540 4155 571 4206 ld
582 4155 649 4204 enim
659 4157 739 4204 maxi·
777 4171 824 4220 pro
842 4155 960 4220 partibus
980 4155 1032 4204 suis
1051 4154 1227 4217 conjurarent.
1245 4153 1305 4202 Tur·

211 4247 252 4282 rue
269 4235 378 4296 urgebat
395 4233 493 4287 Cesar,
505 4229 574 4297 quud
589 4231 623 4280 de
641 4245 687 4280 sus
698 4245 738 4280 se·
775 4233 828 4282 nel.

211 4309 316 4374 pultnra
322 4309 452 4372 jussisset,
464 4317 490 4357 nt
503 4321 597 4372 cerpus
609 4313 738 4370 suasmet·
808 4307 878 4370 Apud
890 4306 986 4358 Aetium
994 4303 1066 4369 vicit]
1085 4302 1125 4355 Ab
1136 4303 1184 4355 irae
1197 4305 1305 4356 victoris

275 4389 363 4453 Dens.
380 4395 405 4440 et
417 4389 476 4439 Vur.
489 4389 554 4440 Clut-
711 4387 807 4438 Srfflon.
1051 4453 1054 4459 1
1187 4391 1203 4436 l
1222 4387 1240 4436 S
