3166 4904
751 449 784 497 0.
806 447 987 499 SUETONH
1008 515 1017 536 ο

657 731 781 796 Seruius
795 731 829 796 in
847 745 912 796 v11.
936 727 1011 795 AEn.
1030 729 1105 795 629.

376 883 567 949 Secundum
594 883 803 961 Suetonium,
830 881 864 946 in
888 883 975 948 libro
997 881 1041 948 de
1065 880 1156 946 uitiis
1178 879 1427 964 eorposelibus,

334 983 489 1051 ‘Arvina
512 993 565 1051 est
587 985 705 1050 durum
728 985 861 1068 pingue,
881 1003 958 1068 quae
980 990 1033 1050 est
1053 984 1273 1048 intercutem
1294 989 1332 1047 et
1356 983 1428 1046 vis·

333 1086 416 1151 cus!

673 1237 726 1300 De
746 1193 780 1299 re
798 1235 954 1300 vestiario
970 1235 1081 1300 Liber.

605 1385 730 1450 Seruius
745 1387 779 1450 in
795 1381 867 1448 Lib.
886 1402 953 1450 v11.
978 1384 1054 1450 AEn.
1068 1387 1145 1451 612.

374 1519 557 1586 Suetonius
572 1521 606 1584 in
620 1519 707 1585 libro
720 1520 764 1584 de
778 1541 898 1604 genere
918 1520 1060 1585 vestium
1077 1518 1170 1596 dicit,
1194 1520 1256 1584 tela
1277 1539 1352 1584 esse
1366 1541 1425 1602 ge-

329 1639 409 1686 nera
429 1622 625 1686 uehentum.
668 1619 780 1685 Unum
804 1621 881 1685 Diis
905 1626 1085 1698 sacratum,
1107 1619 1199 1705 quod
1217 1625 1270 1684 ost
1295 1627 1425 1686 tantum

331 1722 374 1786 de
389 1743 546 1808 purpura.
589 1721 693 1788 Aliud
708 1742 832 1806 regum,
849 1723 940 1806 quod
955 1730 1009 1787 est
1028 1741 1241 1808 purpureum,
1254 1721 1358 1786 hebet
1377 1730 1427 1788 te·

329 1843 406 1890 meu
436 1824 549 1890 elbum
572 1825 711 1908 aliquid.
763 1815 915 1888 Tertium
945 1824 1120 1906 augurale,
1143 1822 1185 1888 de
1213 1842 1362 1908 purpura
1386 1831 1426 1888 et

330 1944 447 1991 cocco.

675 2075 728 2139 De
741 2077 840 2142 rebus
854 2076 958 2141 veniis
970 2071 1081 2138 Liber.

547 2223 706 2308 Sosipater
719 2221 883 2288 Charisius
898 2221 971 2288 Lib.
987 2240 1029 2288 11.
1046 2245 1125 2309 pog.
1138 2225 1213 2292 210.

374 2358 558 2424 Suetonius
579 2357 806 2441 ¹srtauqnillns,
827 2359 870 2424 de
897 2362 998 2426 nebus
1021 2361 1136 2437 veniis,
1159 2357 1424 2444 Praepnsitieues

329 2457 474 2544 (inquit)
490 2477 604 2522 omnes
618 2459 751 2522 omniuo
767 2465 846 2523 suut
859 2457 992 2525 Graeem
1005 2458 1075 2538 duo
1090 2459 1134 2523 de
1147 2461 1273 2542 viginti,
1288 2463 1348 2546 qai
1362 2481 1422 2526 uu-

329 2577 441 2624 merus
457 2559 540 2621 iuter
555 2574 667 2620 omnes
682 2555 822 2620 criticos
831 2556 1078 2622 Grammaticos
1094 2559 1242 2640 perfecte
1258 2563 1425 2630 convenit.

331 2657 481 2723 Nostrae
504 2676 583 2723 vero
605 2675 680 2721 esee
703 2656 776 2737 hes,
799 2657 856 2735 ub,
876 2657 932 2734 ed,
947 2664 1082 2740 proeter,
1102 2678 1176 2742 pro,
1197 2680 1279 2744 pree,
1298 2663 1344 2740 in,
1367 2683 1425 2742 ex,

329 2759 404 2836 sub,
421 2778 531 2844 super,
548 2760 668 2824 subter.

662 2953 750 3020 Idem
775 2955 849 3022 Lib.
865 2973 907 3022 11.
925 2956 1096 3044 pug.175.

373 3105 558 3172 Suetonius
580 3106 796 3189 Tranquillus
821 3107 1054 3172 Praeverbium
1075 3112 1172 3190 putat
1197 3107 1266 3172 diei
1290 3108 1425 3190 debere,

330 3205 421 3290 quod
435 3213 523 3285 unte,
539 3204 595 3271 vel
618 3204 839 3282 Aduerbium,
862 3205 955 3288 qued
974 3211 1057 3292 poet
1077 3208 1217 3273 verbum
1241 3211 1425 3293 appellatio

330 3308 431 3372 etiam
445 3321 636 3387 nomenque
649 3310 802 3390 ponatur.

673 3521 728 3588 De
749 3522 890 3587 vocibus
909 3521 1081 3588 ominosis.

647 3671 773 3736 sewius
794 3669 839 3735 ud
868 3688 908 3735 ιι.
933 3669 1008 3736 AEn.
1029 3671 1105 3739 683.

373 3803 556 3868 Suetonius
575 3805 639 3871 tria
657 3825 779 3890 genera
799 3807 963 3889 pileorum
979 3807 1078 3884 dixit,
1093 3805 1217 3888 quibus
1231 3803 1423 3870 secerdotes

329 3907 478 3980 utuntur,
505 3904 648 3986 apieem,
673 3907 828 3985 tutulum,
853 3909 1019 3991 galerum:
1040 3907 1100 3972 sed
1130 3907 1272 3990 apicem,
1296 3905 1423 3988 pileum

330 4004 442 4081 sutile,
469 4005 560 4070 eirea
596 4007 742 4072 medium
774 4009 867 4090 virga
893 4011 1079 4088 ominente;
1109 4008 1264 4083 tutulum,
1295 4007 1423 4090 pileum

329 4103 477 4170 leuatum
507 4111 605 4172 metes
626 4106 752 4194 tipum
778 4109 936 4194 gulosum,
968 4107 1094 4193 pileum
1123 4126 1168 4172 ex
1189 4107 1277 4192 pelle
1298 4107 1421 4172 hostiae

329 4221 442 4269 oeesoe.
