3236 4902
581 419 687 468 nasot
714 417 963 471 oauuasuuu.
1166 457 1168 461 .
1231 409 1319 474 1195

231 560 374 615 continent,
390 573 459 608 unna
476 557 560 608 affixe
578 561 603 610 in
619 559 758 624 Capitolio,
769 561 796 610 lu
807 563 911 612 Palatio
921 576 966 613 ur.
977 561 1109 618 Virorum,
1120 563 1163 626 qui
1176 561 1321 613 Conserva-

235 638 390 688 toresUrbis
401 647 543 700 vocantur,
556 641 648 702 puduit
660 641 745 703 plures
756 642 822 690 lllins
834 645 958 707 temporis
970 642 1092 692 Eruditos
1103 641 1189 705 iaterl,
1200 643 1320 706 ignorare

231 717 355 787 seoperir
375 725 517 780 auctorem,
533 727 560 766 et
573 719 695 768 continno
707 720 752 768 ltos
769 719 878 770 ‘Festos
898 723 1045 770 consulares
1067 721 1243 784 capitolinos’
1259 722 1320 770 huic

231 796 324 844 Verrlo
335 797 487 858 tribuentes,
503 797 620 846 Suetonii
636 799 812 848 testimonium
830 800 862 849 ad
881 801 1028 864 opinionem
1049 814 1119 849 suam
1140 800 1321 851 stabiliendam

233 877 358 926 audacter
367 884 559 939 perverterunt.
592 877 651 929 lam
664 879 728 928 alius
744 893 776 927 es
793 879 842 928 illis
855 893 901 942 pro
919 881 1039 929 Proesrrtr
1049 879 1187 941 legendnm
1199 881 1323 930 edicebat

231 969 274 1019 prs
288 955 380 1014 ναίω,-
398 956 540 1020 alinsprope
554 955 642 1020 Vester,
662 971 698 1007 sc.
709 957 921 1020 templum,·quod
933 965 989 1006 erat
1000 958 1103 1020 regione
1114 970 1178 1007 vrrs.
1188 958 1232 1007 nbi
1242 959 1322 1008 etlam

234 1035 342 1096 Forum,
358 1035 460 1100 qaudam
471 1051 532 1098 paru
550 1041 630 1094 uester
646 1049 774 1085 nonnemo
784 1039 923 1099 pedestrem.
957 1037 1036 1100 Atqui
1052 1037 1106 1085 brec
1123 1045 1150 1086 et
1168 1035 1261 1086 similia
1280 1038 1323 1085 rix

233 1113 300 1162 seria
311 1114 531 1164 animadversione
542 1113 620 1178 digna
630 1113 792 1170 riderentur,
805 1115 855 1163 nisi
866 1105 987 1163 eximium
997 1113 1060 1163 illud
1073 1114 1104 1163 ad
1115 1115 1217 1177 quaeris
1228 1114 1325 1164 doetri-

235 1203 280 1242 na's
292 1195 358 1242 bene
370 1194 515 1243 tractandas
527 1194 713 1258 adjumentum,
724 1195 832 1258 Celtica,
843 1195 888 1244 tali
900 1195 1030 1244 homiuum
1046 1195 1201 1256 temeritate,
1217 1210 1276 1260 qna,
1295 1201 1326 1244 ut

237 1274 372 1323 leuissimis
384 1273 569 1336 suspicionibus
581 1271 827 1337 coloremqueudam
838 1273 1009 1329 concilient,e
1019 1272 1267 1338 quolibetquldtibet
1278 1273 1327 1323 tiu-

237 1361 310 1417 gaut,
321 1353 348 1402 in
365 1354 414 1402 lsoc
424 1353 561 1403 discrimen
572 1354 755 1412 adduceretur,
770 1362 801 1404 ut
811 1353 879 1417 apud
891 1354 1012 1403 cordatos
1022 1359 1154 1417 suspecta,
1162 1354 1230 1416 apud
1245 1354 1326 1417 impe·

237 1433 300 1482 ritoa
312 1432 498 1496 propemodum
515 1431 620 1482 infamis
630 1431 740 1495 reddita,
748 1433 770 1481 si
782 1446 832 1481 oon
844 1432 877 1482 de
889 1434 982 1495 salute,
992 1439 1020 1482 at
1029 1432 1157 1496 dignitate
1166 1445 1213 1482 sua
1219 1433 1275 1495 jam
1287 1432 1326 1480 di·

238 1513 333 1560 micare
344 1519 462 1574 cogatur.
495 1511 580 1576 Igitur
590 1517 763 1577 utappareat,
774 1527 849 1577 quam
862 1511 920 1562 salsi
932 1511 1031 1562 fuerint
1047 1511 1212 1575 conjectores
1228 1513 1272 1561 lati
1287 1513 1327 1561 lu·

240 1591 316 1656 genio
327 1590 474 1648 abutentes,
485 1605 526 1647 en,
537 1591 593 1654 ipre
612 1591 660 1640 snb
678 1607 702 1642 a.
720 1593 792 1640 ltro.
811 1591 948 1642 Praeneste
967 1592 1086 1642 detectus
1102 1597 1142 1640 est
1159 1590 1341 1656 hemicyclus,

240 1672 312 1734 eujus
319 1669 456 1720 Suetonius
467 1671 592 1734 meminit,
608 1679 636 1720 et
646 1671 716 1721 eirca
732 1671 803 1721 illum
812 1685 871 1735 pars
881 1671 999 1735 quaedam
1010 1683 1209 1721 marmorearum
1220 1671 1328 1722 Tabula-

240 1765 306 1812 rum,
315 1751 340 1798 lu
350 1750 443 1814 quibus
455 1751 528 1799 incisi
540 1752 660 1814 leguntur
670 1752 773 1812 Fastl,s
782 1751 875 1800 Verrio
884 1752 979 1801 Flacco
988 1750 1110 1800 ordinati.

271 1829 331 1880 ‚lam
343 1830 508 1894 sermonalis
520 1831 555 1879 sit
573 1831 616 1879 ille
632 1831 795 1894 antiquitatis
807 1831 951 1886 thesaurus,
964 1837 991 1879 et
1002 1843 1122 1892 quaenam
1133 1829 1249 1892 Pogginii
1259 1829 1286 1879 in
1297 1843 1329 1879 eo

243 1919 296 1960 tum
307 1923 321 1958 e
333 1916 404 1958 terra
415 1909 538 1972 eruendo,
550 1918 604 1959 tom
615 1912 695 1958 etiam
706 1907 869 1968 illustrando,
880 1915 967 1970 partes
977 1908 1085 1968 iruerint,
1097 1923 1154 1970 age,
1164 1908 1242 1970 paulo
1254 1922 1330 1958 secu·
1389 1961 1391 1968 ,

243 1989 321 2038 ratius
333 2001 501 2050 exponamus.

273 2069 388 2122 Primum
401 2067 513 2131 quidem,
528 2081 585 2116 euru
603 2065 739 2116 Praeneste
758 2079 839 2128 prope
858 2065 954 2115 Fornro
969 2065 1147 2114 celeberrime
1159 2065 1331 2116 Romanorum

242 2150 358 2208 coloniae,
368 2149 501 2212 ipsumque
515 2147 641 2196 Palatium
654 2147 809 2203 Cauaseum,
818 2153 831 2180 ⁸
847 2145 889 2195 nbi
901 2145 1035 2208 Augtsstns
1044 2152 1072 2193 et
1081 2145 1197 2194 'liberius
1212 2145 1332 2195 rusticari

244 2227 390 2290 sotebsutb
403 2235 431 2277 et
447 2241 553 2290 qnorum
574 2233 712 2289 supersunt
732 2226 849 2290 quaedam
867 2225 992 2289 reliquiae,
1011 2238 1068 2273 curu
1087 2237 1150 2288 erpo
1168 2223 1254 2274 frusta
1271 2239 1334 2274 aon·

243 2308 314 2356 nuilla
325 2321 522 2356 marmorearum
539 2307 691 2356 Tabularum
703 2319 735 2355 ax
746 2320 808 2367 agro
826 2304 988 2354 Praenestino
1008 2319 1069 2353 casu
1087 2302 1197 2368 quiedam
1210 2303 1236 2352 iu
1248 2305 1332 2354 luceru

245 2387 403 2450 prodierant,
414 2387 501 2436 atatim
514 2387 540 2435 iu
551 2386 617 2435 banc
628 2399 700 2450 spem
720 2387 791 2434 acuit
811 2384 912 2447 Editor,
927 2382 1031 2432 taudem
1050 2383 1189 2446 aliquando
1200 2383 1333 2434 detectum

245 2468 405 2527 esselocnm,
423 2481 473 2530 qno
492 2466 563 2516 Fasti
580 2466 700 2516 Verriaoi
720 2465 910 2515 delitescerent.
944 2465 1038 2527 Neque
1051 2463 1106 2526 jam
1125 2463 1250 2527 spes,sed
1262 2471 1335 2513 certa

248 2552 369 2608 reserat,
387 2559 444 2594 enm
462 2547 513 2595 lllae
525 2559 679 2594 marmorum
695 2545 829 2609 particulas
844 2544 919 2607 juxta
936 2543 1055 2608 reliquias
1070 2543 1204 2606 cujusdam
1223 2542 1336 2599 aedificii,

249 2625 355 2687 figuram
370 2625 584 2676 semicircularem
601 2625 749 2684 referentia,
766 2629 876 2688 repertae
892 2631 987 2672 essent.
1020 2623 1159 2673 Enimvero
1169 2622 1217 2671 boc
1228 2623 1337 2672 uselle-

247 2705 381 2768 mieyclum
393 2719 408 2754 a
418 2705 541 2754 Suetonio
551 2705 784 2768 designatumquis
797 2717 846 2752 uon
857 2703 964 2752 credat?
979 2702 1074 2764 ltaque
1086 2701 1210 2764 operariis
1221 2717 1236 2750 a
1248 2701 1337 2751 cardi-

248 2787 300 2836 nati
311 2785 354 2836 Jo.
365 2785 458 2834 Franc.
473 2786 627 2849 Stuppauio,
639 2785 715 2834 amiel
725 2783 838 2834 studium
850 2791 876 2832 et
887 2782 1046 2846 diligentiam
1058 2781 1209 2844 adjurante,
1217 2783 1338 2843 admotis,

249 2881 308 2915 mox
319 2863 475 2914 effodiuntur
486 2879 632 2915 marmoreae
642 2867 774 2915 Pastorum
794 2865 975 2912 Verrlauaruor
993 2860 1098 2910 hoste
1115 2867 1235 2924 quatuor,
1251 2861 1337 2910 Jano·

249 2957 352 3010 aarum,
370 2945 518 3000 Maumosr,
536 2944 676 3006 Aeternam,
695 2951 722 2993 et
737 2946 920 2994 Decensuuass
940 2939 1106 2998 exhibentem
1122 2951 1169 2987 nee
1181 2939 1232 2988 illa
1244 2945 1340 3000 tamen,

250 3025 319 3089 quod
338 3025 446 3074 maximo
457 3023 594 3074 dolendum
605 3033 654 3081 est,
665 3025 783 3088 integra,
797 3024 844 3076 sed
859 3021 998 3078 intercise,
1014 3031 1136 3079 corrosae,
1155 3025 1182 3066 et
1194 3018 1219 3066 lu
1232 3019 1340 3080 parvula

249 3105 332 3154 frusta
342 3107 434 3154 mirera
450 3103 586 3156 diffracta.
617 3105 658 3154 Ibi
677 3119 739 3168 ergo
757 3103 905 3168 Foggiains,
922 3097 1068 3161 attingitis
1087 3097 1113 3144 in
1131 3095 1248 3144 ordinem
1264 3110 1339 3146 tuum

251 3185 391 3248 redigeret,
404 3181 555 3231 minutiores
565 3195 679 3246 qouque
691 3185 832 3244 particular
846 3184 873 3233 iu
890 3187 999 3242 qtratuor
1013 3177 1106 3240 ligneis
1117 3176 1212 3238 eapsis,
1225 3177 1339 3240 ejusdem

254 3263 399 3314 altitudinis
407 3275 436 3312 ao
448 3261 603 3321 latitudinis,
613 3261 685 3322 errjns
705 3265 806 3308 ueteres
823 3254 905 3304 fuisse
921 3253 1033 3302 Tabulas
1043 3270 1076 3303 aa
1087 3254 1149 3314 ipsis
1160 3254 1341 3316 superstitibus

253 3342 405 3407 fragmentis
424 3343 578 3407 coojrcerst,
595 3339 730 3402 disposuit,
747 3335 869 3398 flrmarit,
885 3341 912 3383 st
924 3346 985 3381 reso
996 3333 1110 3392 lacunas,
1120 3345 1202 3396 gypso
1214 3333 1343 3396 impletas,

254 3423 365 3489 plastica
376 3421 476 3470 ratione
492 3421 529 3469 sie
549 3419 693 3481 composuit
711 3424 739 3466 et
751 3415 935 3479 complanavit,
946 3420 976 3462 ut
987 3411 1159 3461 lracturarum
1177 3414 1286 3476 vestigia
1298 3429 1342 3479 ap·

255 3508 386 3568 parerent,
397 3509 424 3551 et
435 3509 521 3556 taruco
533 3500 572 3550 lua
583 3499 692 3548 Tabulae
711 3499 813 3547 illarum
831 3501 946 3546 veterum
966 3505 1164 3542 marmorearum
1180 3493 1293 3556 speeiem
1305 3509 1344 3544 re.

258 3583 366 3632 ferrent.

290 3743 303 3769 ⁸
314 3736 409 3787 Palatii
420 3738 493 3802 bojas
505 3737 623 3800 ingentes
636 3735 716 3784 roiate
728 3734 782 3783 dis·
821 3728 958 3792 laterjacat
968 3729 1084 3792 quaedam
1093 3727 1259 3784 ralllculmad
1270 3742 1346 3792 quara

259 3818 316 3862 tant
333 3828 349 3861 a
367 3815 461 3862 mantis
479 3813 634 3863 Praenestini
653 3810 782 3860 radicibus
822 3803 1083 3868 utrimqueasammo
1094 3803 1200 3867 nequalia
1209 3802 1347 3854 declivitas

259 3887 329 3936 mille
340 3885 394 3937 iare
406 3894 575 3951 praenomen
587 3901 601 3934 a
612 3888 712 3935 levain
724 3898 783 3934 eou-
823 3879 941 3930 deducit.

260 3971 351 4026 spectu
360 3963 540 4026 habentesque
549 3963 784 4012 distantemsmoo·
856 3954 943 4004 '’Vid.
960 3954 1067 4004 sueton.
1088 3953 1155 4014 dog.
1177 3966 1201 4000 c.
1218 3954 1260 4000 it.
1276 3950 1347 4024 (alell.

262 4041 296 4090 tis
308 4040 438 4090 radicibus
456 4041 539 4089 tocmu
558 4040 639 4102 illum,
655 4038 697 4087 ubi
709 4036 786 4086 benai·
825 4052 885 4090 xvi.
897 4043 937 4090 lt,
948 4037 1018 4090 coni.
1030 4037 1086 4088 Cic.
1095 4036 1208 4099 Philipp.
1216 4049 1249 4086 ts.
1257 4039 1299 4099 9⁰·
1310 4037 1344 4086 ad

263 4116 333 4176 cycli
355 4116 464 4178 vestigia
491 4123 520 4164 et
546 4113 694 4166 calendarii
719 4113 787 4162 illins
827 4115 884 4168 Ast.
895 4113 1256 4176 111.2.Tae.dno.xv,tu,3·

265 4187 406 4253 fraumenta
426 4189 521 4244 effossa
538 4198 613 4252 snut,
630 4189 786 4240 mediarana
