3234 4888
560 344 592 392 ο.
614 334 792 394 sunrbnrr
816 343 976 395 unsrun.
1228 329 1312 424 iiiiii

222 484 301 534 turbet
326 483 417 534 suiturn
444 483 505 532 illud
533 485 642 535 Dorultli
669 483 747 535 llinis
787 486 901 536 ustione.
934 486 1128 536 Consentaneus
1155 486 1223 536 enirn
1250 485 1313 539 uibii

222 562 374 630 ‘Prinpopn
386 561 430 624 qui
447 561 502 609 rnlt
519 562 604 610 omnis
614 561 692 624 seire,
704 577 748 612 no·
785 561 855 610 eliud
867 569 990 627 estquurn
1003 561 1154 618 commilito,
1162 561 1234 624 qussi
1245 561 1312 624 ejus·

222 634 470 686 cessensuermults
482 637 624 698 ignoscere·
641 637 716 686 idrus.
786 637 845 686 doru
868 639 1021 688 ssersmentl
1039 636 1156 686 militaris
1176 637 1314 700 pertiseps,

256 711 338 773 Neque
351 725 395 774 pro
412 711 478 760 nodo
494 711 674 775 exsequebatur]
691 713 748 762 Mo·
786 715 827 763 vel
838 714 986 773 eorundepa
999 725 1127 764 esororunr
1144 711 1313 764 cestrensium

222 785 282 834 darn
294 787 409 850 sppellst
423 785 468 848 jus
483 795 643 844 consuetum,
658 796 687 837 et
698 788 749 838 dis-
786 791 877 842 socius.
896 790 971 842 idern.

220 860 323 923 ciplinoe
336 861 595 912 militseisinsiituta.
623 862 660 912 At
676 876 749 912 usse·
819 866 877 916 Turn
899 865 984 927 esum]
1010 863 1088 916 Multi
1111 865 1183 912 reiut
1210 863 1314 926 spurium

221 935 263 998 qsri
275 934 315 986 lile
327 941 379 996 est,
387 937 454 999 qnod
463 937 563 986 Grseols
575 935 749 1000 ἐπεξίρχηθα,
785 939 857 991 iseto
868 941 894 989 iu
906 940 953 990 boe
961 940 1073 994 ,cesaris
1087 939 1232 990 instituturus
1242 946 1313 1006 enat.

218 1011 462 1072 pertremiscere:
476 1013 513 1062 sie
530 1013 592 1062 olibi
604 1013 674 1076 spud
685 1015 749 1064 Sue·
786 1017 827 1066 iix
837 1015 900 1078 ipsis
910 1015 979 1066 eninr
991 1013 1112 1065 Romanis
1132 1014 1149 1064 ii
1168 1011 1254 1070 dnoes.
1268 1013 1313 1080 qui

221 1086 319 1136 tunium
330 1093 358 1136 st
369 1087 504 1136 deneeenr.
531 1088 641 1138 Tacitae
656 1089 683 1138 iu
695 1089 750 1139 viis
787 1089 855 1152 spnd
875 1089 976 1138 Livium
992 1102 1032 1140 tx.
1052 1103 1110 1152 cap.
1128 1093 1169 1139 to.
1188 1103 1247 1138 suos
1269 1091 1313 1139 doe

221 1161 351 1225 Agricolre
359 1179 373 1220 s,
383 1163 391 1190 ‘
401 1164 485 1212 omnis
502 1163 580 1225 seire,
596 1179 647 1214 unu
664 1165 750 1215 omnia
786 1172 856 1225 nent,
868 1162 998 1214 borridum
1013 1164 1119 1214 militem
1131 1177 1189 1214 esse
1201 1163 1313 1220 deberes

220 1237 346 1303 exsequi!
373 1239 474 1288 creso.
506 1239 555 1290 Ait
572 1255 634 1304 ergo
658 1247 748 1290 sutore
786 1253 836 1289 nou
859 1241 977 1289 eaeisturu
999 1253 1063 1289 suro
1084 1245 1250 1304 eugenioque,
1266 1239 1312 1294 sed

221 1316 361 1374 Curarem,
372 1312 474 1363 duobus
491 1315 640 1366 criminibus
653 1329 748 1378 exeep-
786 1316 890 1366 ferrost
898 1315 988 1365 snirnis
1000 1313 1112 1365 fretum:
1126 1314 1313 1364 virtutemne

220 1389 264 1451 tis,
283 1388 393 1438 deserto
412 1389 542 1452 stationir,
560 1398 587 1441 et
605 1392 749 1456 seditionis,
786 1392 875 1442 militie
892 1391 988 1450 droun
1003 1399 1031 1440 et
1046 1389 1131 1440 omnis
1149 1389 1192 1440 illa
1210 1389 1315 1440 virturi-

219 1462 297 1514 tuisse
312 1464 339 1513 iu
357 1463 487 1527 puniendo
504 1465 586 1515 milite
600 1481 648 1516 suu
670 1467 749 1516 leuio-
787 1482 827 1517 ιι
839 1467 922 1532 sequi.
955 1465 1106 1516 Sedtsnssn
1121 1473 1150 1514 et
1164 1465 1253 1514 Cesar
1269 1466 1313 1517 irs·

221 1552 289 1589 reru:
308 1553 356 1589 neo
367 1553 470 1603 semper
482 1539 588 1590 neritus
606 1553 693 1603 prensi
704 1555 748 1592 ex·
786 1544 832 1594 bet
852 1543 946 1606 quibua
972 1540 1097 1605 exemplis
1122 1539 1313 1605 rationibusque

220 1617 319 1680 egisse:
335 1615 392 1678 sed,
402 1615 486 1666 serbis
504 1617 587 1666 Tseiti
604 1617 630 1666 in
646 1615 711 1681 ligr.
724 1632 749 1668 e.
786 1631 859 1669 suum
872 1619 969 1667 i'scturn
980 1622 1092 1666 tuestnr.
1108 1616 1166 1672 June
1179 1625 1232 1666 turn
1244 1616 1313 1669 euim

221 1694 261 1740 ii.
277 1689 382 1754 ‘putris
392 1690 496 1754 quidem
516 1689 618 1742 delictis
631 1692 747 1742 renisuri
787 1693 855 1756 spnd
875 1692 974 1756 priseos
994 1697 1021 1740 st
1037 1691 1167 1755 simplices
1184 1691 1250 1753 illus,
1267 1691 1313 1742 sed

219 1763 318 1827 magnis
332 1777 393 1814 sero
407 1763 503 1828 (quetis
518 1764 569 1814 dno
587 1764 691 1828 ternuc)
708 1780 747 1816 se·
786 1767 939 1820 iortiuimos
956 1767 1093 1822 Romanus,
1104 1766 1112 1794 ‘
1122 1765 1233 1829 Argenti
1244 1765 1314 1829 quod

220 1839 356 1888 seritntern
367 1839 560 1890 cosumodssse!
576 1841 653 1890 Beris.
786 1851 853 1900 eust,
870 1843 930 1892 solie
950 1840 1068 1905 iulgebet
1084 1842 1110 1890 in
1122 1841 1200 1890 ermis
1211 1839 1227 1900 ς’
1246 1845 1314 1894 ioste'

252 1913 418 1976 umam]
436 1913 513 1977 Apud
535 1917 661 1965 Ronanus
680 1929 749 1966 nrurs
785 1919 905 1970 Juvenal.
915 1924 994 1982 satyr.
1005 1930 1045 1968 ιι.
1058 1931 1125 1966 reru.
1139 1921 1194 1966 1⁰8.
1213 1914 1314 1967 ‘Ardi-

221 2001 297 2051 pneus
307 1996 349 2041 eat
365 1989 407 2054 lis,
423 1988 508 2053 quiin
527 1989 596 2041 bello
613 1992 747 2044 sistioueus
787 1993 874 2051 ritisr‚'
886 1994 970 2060 iuquit
980 1993 1113 2044 Plutarch.
1126 1994 1133 2022 ‘
1144 2007 1207 2057 ques
1218 1993 1244 2044 in
1260 2007 1313 2043 ιι-

221 2075 265 2114 seu
284 2065 446 2129 incursuque
462 2066 598 2116 constituti
609 2075 679 2130 suut,
691 2068 748 2117 reli·
786 2069 860 2119 uibus
880 2075 908 2118 et
922 2070 991 2118 circs
1008 2081 1101 2130 eorpus
1112 2067 1209 2130 ferunt,
1219 2081 1314 2118 enuere

221 2141 333 2201 queritat.
349 2139 482 2204 Polybius.
785 2145 899 2194 nonniirii
911 2143 1020 2207 perlubet
1037 2143 1125 2206 glorier
1145 2142 1238 2204 cupide
1254 2156 1314 2205 pen·

254 2214 411 2277 Gourieebui]
433 2217 499 2279 imp.
516 2218 633 2268 Tiberius
653 2216 748 2267 nullutn
786 2225 857 2270 tore:
876 2233 966 2268 neuros
985 2233 1045 2267 reru
1061 2218 1171 2268 reddere
1183 2217 1313 2281 tortiores,

221 2303 295 2354 reque
311 2305 343 2340 es
362 2292 500 2343 virtutibus
516 2293 569 2342 suis
588 2307 662 2358 quem
674 2294 749 2343 dissi·
785 2295 852 2359 qnod
875 2309 955 2354 aruns,
973 2293 1050 2342 sicuti
1069 2295 1200 2356 pecunius,
1217 2293 1313 2344 retine·

220 2369 385 2418 titulationem
402 2370 537 2433 dillgebat·
552 2371 633 2422 Tseit.
652 2371 694 2420 lib.
711 2385 748 2420 rr·
785 2369 860 2421 rent'
884 2371 949 2418 Tum
964 2368 1025 2418 illud
1038 2368 1140 2432 quidem
1152 2377 1253 2420 eertum
1264 2377 1313 2434 ost,

220 2440 312 2491 Annsl.
326 2449 403 2494 nii.
424 2447 513 2494 virtue
526 2445 589 2494 eden
602 2445 749 2497 necesssris
786 2445 871 2495 onrnis
892 2443 978 2503 militi,
998 2458 1055 2506 quer
1081 2444 1223 2494 animosum
1244 2457 1313 2510 eum,

221 2517 347 2579 Principi‚
358 2526 388 2566 nt
402 2519 498 2568 diserit
514 2528 650 2571 retersnns
661 2523 747 2583 lenps·
786 2517 1314 2582 alacrem.orectunrqnereddunt,sobosll

220 2597 316 2651 eston·
329 2593 421 2642 Nesuit
429 2597 596 2658 rusurrensi
609 2597 689 2644 nescit
697 2596 748 2644 dis·
787 2599 910 2642 terrorem
924 2592 1061 2654 incutiunt,
1071 2605 1126 2640 esse
1137 2592 1313 2648 concedende.

221 2667 357 2718 simulare.'
373 2669 450 2719 Rern.
785 2667 816 2716 ln
837 2666 929 2730 quibus
944 2666 1053 2728 prinrnrn
1072 2664 1122 2717 sibi
1140 2665 1223 2714 lucum
1241 2683 1313 2724 orsus

256 2745 432 2808 ilsgssrstutoe]
454 2747 591 2807 Unguento
611 2747 748 2798 delibutos.
785 2741 870 2792 nitida
888 2739 1073 2803 splendidaque
1095 2739 1240 2794 vendicant.
1268 2741 1312 2793 Ob

220 2819 288 2868 Saue
304 2820 426 2883 quiequid
447 2821 552 2870 leudem
563 2822 652 2872 Gener
668 2822 748 2884 diest,
785 2831 860 2880 qusus
870 2829 971 2865 eaussrn
979 2815 1058 2878 jubet
1069 2812 1231 2872 Onossuder.
1241 2831 1263 2866 o.
1272 2821 1313 2869 29.

220 2895 319 2944 ‘surinus
338 2901 455 2943 mortens
470 2895 563 2951 tirnet‚'
583 2896 628 2958 qui
650 2895 748 2944 ‘uniens
784 2891 936 2951 Strstegiei,
947 2903 1016 2940 erma
1034 2889 1164 2938 exereitus
1184 2889 1209 2938 in
1227 2890 1312 2952 splen.

219 2969 369 3020 deliciarum
388 2968 460 3018 norit
481 2969 507 3017 iu
527 2967 595 3018 rita!
624 2969 748 3032 vegetius
786 2967 873 3016 durem
890 2965 959 3015 duri:
979 2964 1099 3014 ‘Milites
1115 2964 1182 3012 enirn
1201 2963 1312 3029 (inquit)

219 3046 263 3096 lib.
275 3060 294 3094 ι.
306 3045 340 3096 de
352 3059 380 3094 re
389 3045 464 3094 milit.
475 3059 499 3096 e.
510 3048 534 3094 t.
551 3045 627 3096 idest.
787 3041 857 3106 queri
876 3039 1030 3093 uiesnrluus
1051 3052 1176 3088 armorum
1193 3037 1313 3090 scintillis

253 3121 441 3185 commilitones]
459 3120 512 3172 Qui
531 3128 560 3172 ot
571 3121 747 3172 Commilitess
785 3117 952 3168 terribiliores
964 3121 1105 3178 sppsrent:
1118 3114 1313 3178 multaequeper

221 3199 392 3260 usurpantium
408 3196 517 3246 (irenis.
545 3195 691 3247 ACaessre
709 3204 747 3247 ts·
785 3193 875 3242 oeulos
896 3191 996 3254 species
1026 3189 1052 3240 iu
1075 3190 1172 3238 unimus
1196 3189 1311 3252 deispste

219 3285 278 3320 nien
289 3273 315 3326 in
326 3271 374 3320 boe
384 3269 555 3320 dissentiebat
565 3271 697 3335 diognetus
709 3272 747 3320 in·
785 3278 931 3334 perterrere
949 3265 1108 3316 adversarios
1119 3266 1211 3316 solent.
1213 3265 1220 3288 ⁹
1235 3266 1311 3318 Idesr.

160 3401 165 3410 ,
219 3344 372 3408 freindug.
385 3358 409 3394 c.
420 3349 461 3394 2⁵.
487 3344 747 3411 ‘Aruuenliqnoqne
821 3345 855 3392 Ut
865 3348 964 3405 nmmo
983 3347 1007 3392 ei
1024 3355 1081 3392 suro
1098 3341 1180 3405 potuer
1190 3357 1263 3392 ornnes
1273 3357 1312 3390 or

220 3421 531 3470 insentunrreiremonlur
550 3423 687 3484 urguebat,
703 3423 747 3488 qni
784 3417 1021 3482 nerei1Autiqnuuu
1040 3417 1311 3468 ioernsnturnmltu·

148 3519 157 3537 ·
220 3495 316 3543 milites
331 3494 516 3544 commilitones
527 3510 592 3545 auro
603 3499 747 3562 blandoque
785 3509 932 3546 munorums
949 3491 1230 3558 saresberiense
1242 3495 1311 3558 qnod

219 3583 291 3618 suoru
308 3571 450 3630 appellans,
468 3567 529 3618 duru
546 3567 686 3622 affectabat
704 3587 747 3622 es·
785 3577 849 3631 eust,
869 3571 930 3620 solis
949 3568 1093 3632 fulgebst
1087 3583 1113 3618 sn
1130 3571 1216 3620 seruis.
1218 3569 1310 3620 ’Vide

220 3643 272 3694 rlor
304 3641 371 3700 lieri,
402 3644 586 3694 suntoritstesn
618 3646 746 3711 Principis
785 3645 880 3694 Plau·
874 3657 900 3692 ru
918 3645 1007 3700 Brun,
1025 3643 1171 3708 utJotepb·
1190 3645 1310 3696 ‘nerem

219 3718 396 3772 emollirent.'
421 3721 517 3770 Verum
530 3722 567 3772 siu
578 3722 700 3787 obtinuit,
717 3731 747 3774 nt
784 3721 848 3771 libro
860 3735 886 3770 v.
912 3719 977 3770 ideo
988 3735 1090 3782 sernper
1100 3727 1170 3772 tecte
1182 3735 1251 3772 srms
1265 3736 1310 3785 ge·

219 3802 278 3860 posu
293 3795 421 3844 cesarem
439 3795 614 3859 Imperatores
626 3814 656 3848 ae
667 3799 745 3850 duces
784 3795 888 3858 rebant,
911 3796 960 3844 nisi
988 3796 1070 3858 prelii
1094 3802 1226 3858 tompore:
1256 3803 1309 3852 tuus

220 3873 262 3922 ulii
271 3885 374 3937 quoqne
382 3871 542 3922 suosmilites
550 3875 746 3939 commilitones,
784 3869 918 3934 splendide
930 3871 1008 3918 restis
1020 3869 1265 3931 induisolita,urn1s
1277 3871 1310 3920 nd

220 3948 291 4010 qnasi
313 3946 410 4011 stipsi
429 3959 461 3996 ex
480 3960 568 3997 eurum
582 3963 687 4000 nnnrero
707 3965 746 4000 es·
783 3944 945 4010 splendorem
964 3945 1019 3994 dsri
1036 3945 1161 3994 detractis
1177 3952 1308 4008 tugunien-

219 4028 286 4084 seut,
296 4022 470 4086 appellerent.
486 4021 519 4073 in
530 4022 655 4088 Anguste
666 4024 744 4075 bisto-
784 4022 831 4070 tis:
851 4035 909 4086 qun
920 4018 976 4069 fero
988 4027 1062 4068 erant
1074 4033 1089 4068 e
1099 4019 1168 4067 curio
1181 4020 1220 4068 rel
1232 4019 1308 4082 pello.

221 4097 266 4146 riae
287 4098 455 4161 scriptoribus
474 4099 589 4150 insenius
607 4105 634 4150 et
656 4113 745 4150 cunse-
784 4095 885 4148 Gnosi.
901 4094 1048 4145 Alexander
1059 4093 1204 4155 lmperstor
1216 4095 1307 4156 liumus

221 4175 305 4224 usuri
321 4175 472 4226 roubuluuu
491 4184 640 4242 usurpatum
655 4176 743 4228 esdnuu
783 4189 840 4238 ntro,
861 4173 897 4222 uti
915 4169 995 4220 rel'ert
1016 4167 1186 4233 Lampridius,
1205 4183 1308 4234 nonsu-
