<?xml version="1.0" encoding="UTF-8"?>
<!DOCTYPE html PUBLIC "-//W3C//DTD XHTML 1.0 Transitional//EN"
    "http://www.w3.org/TR/xhtml1/DTD/xhtml1-transitional.dtd">
<html xmlns="http://www.w3.org/1999/xhtml" xml:lang="en" lang="en">
 <head>
  <title>
</title>
<meta http-equiv="Content-Type" content="text/html;charset=utf-8" />
  <meta name='ocr-system' content='tesseract 3.04.00' />
  <meta name='ocr-capabilities' content='ocr_page ocr_carea ocr_par ocr_line ocrx_word'/>
</head>
<body>
  <div class='ocr_page' id='page_1' title='image "./operaomniaexedi03suetgoog/operaomniaexedi03suetgoog_0167.png"; bbox 0 0 3236 4902; ppageno 0'>
   <div class='ocr_carea' id='block_1_1' title="bbox 280 327 876 420">
    <p class='ocr_par' dir='ltr' id='par_1_1' title="bbox 280 327 876 420">
     <span class='ocr_line' id='line_1_1' title="bbox 280 327 876 420; baseline -0.007 -8"><span class='ocrx_word' id='word_1_1' title='bbox 280 350 366 420; x_wconf 83' lang='lat'>1196</span> <span class='ocrx_word' id='word_1_2' title='bbox 741 327 744 344; x_wconf 80' lang='lat'>&#39;</span> <span class='ocrx_word' id='word_1_3' title='bbox 771 359 876 410; x_wconf 79' lang='lat' dir='ltr'>assur</span> 
     </span>
    </p>
   </div>
   <div class='ocr_carea' id='block_1_2' title="bbox 202 495 1381 4234">
    <p class='ocr_par' dir='ltr' id='par_1_2' title="bbox 275 495 1370 1048">
     <span class='ocr_line' id='line_1_2' title="bbox 310 495 1370 564; baseline -0.01 -7"><span class='ocrx_word' id='word_1_4' title='bbox 310 507 466 558; x_wconf 81' lang='lat' dir='ltr'>Tabularum</span> <span class='ocrx_word' id='word_1_5' title='bbox 477 505 561 556; x_wconf 83' lang='lat' dir='ltr'>forma</span> <span class='ocrx_word' id='word_1_6' title='bbox 572 507 609 556; x_wconf 89' lang='lat' dir='ltr'>its</span> <span class='ocrx_word' id='word_1_7' title='bbox 618 511 677 556; x_wconf 88' lang='lat' dir='ltr'>erat</span> <span class='ocrx_word' id='word_1_8' title='bbox 689 503 832 564; x_wconf 85' lang='lat' dir='ltr'>elaborata,</span> <span class='ocrx_word' id='word_1_9' title='bbox 842 509 871 552; x_wconf 93' lang='lat' dir='ltr'>ut</span> <span class='ocrx_word' id='word_1_10' title='bbox 883 502 908 552; x_wconf 90' lang='lat' dir='ltr'>in</span> <span class='ocrx_word' id='word_1_11' title='bbox 920 513 1033 552; x_wconf 81' lang='lat' dir='ltr'>consero</span> <span class='ocrx_word' id='word_1_12' title='bbox 1042 498 1177 562; x_wconf 71' lang='lat' dir='ltr'><strong>hemicycli</strong></span> <span class='ocrx_word' id='word_1_13' title='bbox 1189 495 1274 560; x_wconf 88' lang='lat' dir='ltr'>spatio</span> <span class='ocrx_word' id='word_1_14' title='bbox 1284 496 1370 560; x_wconf 85' lang='lat' dir='ltr'>aptari</span> 
     </span>
     <span class='ocr_line' id='line_1_3' title="bbox 277 579 1370 650; baseline -0.014 -11"><span class='ocrx_word' id='word_1_15' title='bbox 277 594 391 650; x_wconf 79' lang='lat' dir='ltr'>possent,</span> <span class='ocrx_word' id='word_1_16' title='bbox 403 598 461 636; x_wconf 88' lang='lat' dir='ltr'>eum</span> <span class='ocrx_word' id='word_1_17' title='bbox 472 585 579 636; x_wconf 85' lang='lat' dir='ltr'>aliamm</span> <span class='ocrx_word' id='word_1_18' title='bbox 590 583 738 650; x_wconf 85' lang='lat' dir='ltr'>superficies</span> <span class='ocrx_word' id='word_1_19' title='bbox 755 590 823 632; x_wconf 89' lang='lat' dir='ltr'>esset</span> <span class='ocrx_word' id='word_1_20' title='bbox 843 584 929 646; x_wconf 89' lang='lat' dir='ltr'>plana,</span> <span class='ocrx_word' id='word_1_21' title='bbox 946 589 1038 632; x_wconf 88' lang='lat' dir='ltr'>contra</span> <span class='ocrx_word' id='word_1_22' title='bbox 1056 579 1233 628; x_wconf 83' lang='lat' dir='ltr'>nussnullarum</span> <span class='ocrx_word' id='word_1_23' title='bbox 1244 591 1370 626; x_wconf 87' lang='lat' dir='ltr'>concava.</span> 
     </span>
     <span class='ocr_line' id='line_1_4' title="bbox 277 657 1368 730; baseline -0.014 -12"><span class='ocrx_word' id='word_1_24' title='bbox 277 668 374 718; x_wconf 79' lang='lat' dir='ltr'>Literae</span> <span class='ocrx_word' id='word_1_25' title='bbox 393 665 553 722; x_wconf 83' lang='lat' dir='ltr'>nundinales,</span> <span class='ocrx_word' id='word_1_26' title='bbox 572 672 600 716; x_wconf 90' lang='lat' dir='ltr'>et</span> <span class='ocrx_word' id='word_1_27' title='bbox 617 680 676 730; x_wconf 79' lang='lat' dir='ltr'>qliae</span> <span class='ocrx_word' id='word_1_28' title='bbox 693 665 787 715; x_wconf 84' lang='lat' dir='ltr'>variam</span> <span class='ocrx_word' id='word_1_29' title='bbox 804 665 902 712; x_wconf 86' lang='lat' dir='ltr'>dierum</span> <span class='ocrx_word' id='word_1_30' title='bbox 922 663 1045 712; x_wconf 85' lang='lat' dir='ltr'>rationem</span> <span class='ocrx_word' id='word_1_31' title='bbox 1067 661 1235 722; x_wconf 74' lang='lat' dir='ltr'>distinguunt,</span> <span class='ocrx_word' id='word_1_32' title='bbox 1250 657 1368 706; x_wconf 76' lang='lat' dir='ltr'>maximas</span> 
     </span>
     <span class='ocr_line' id='line_1_5' title="bbox 276 737 1370 810; baseline -0.012 -14"><span class='ocrx_word' id='word_1_33' title='bbox 276 746 511 810; x_wconf 74' lang='lat' dir='ltr'>suut,scalptmque</span> <span class='ocrx_word' id='word_1_34' title='bbox 522 759 611 795; x_wconf 89' lang='lat' dir='ltr'>omnes</span> <span class='ocrx_word' id='word_1_35' title='bbox 622 746 820 809; x_wconf 75' lang='lat' dir='ltr'>elegantissime.</span> <span class='ocrx_word' id='word_1_36' title='bbox 842 745 981 808; x_wconf 77' lang='lat' dir='ltr'>Eleganter</span> <span class='ocrx_word' id='word_1_37' title='bbox 992 743 1071 792; x_wconf 90' lang='lat' dir='ltr'>etiam</span> <span class='ocrx_word' id='word_1_38' title='bbox 1083 747 1144 789; x_wconf 89' lang='lat' dir='ltr'>snut</span> <span class='ocrx_word' id='word_1_39' title='bbox 1156 738 1267 788; x_wconf 89' lang='lat' dir='ltr'>minores</span> <span class='ocrx_word' id='word_1_40' title='bbox 1278 737 1370 790; x_wconf 77' lang='lat' dir='ltr'>litera,</span> 
     </span>
     <span class='ocr_line' id='line_1_6' title="bbox 275 815 1368 890; baseline -0.011 -14"><span class='ocrx_word' id='word_1_41' title='bbox 275 825 367 889; x_wconf 85' lang='lat' dir='ltr'>quibus</span> <span class='ocrx_word' id='word_1_42' title='bbox 377 840 451 876; x_wconf 88' lang='lat' dir='ltr'>sacra</span> <span class='ocrx_word' id='word_1_43' title='bbox 466 840 605 890; x_wconf 85' lang='lat' dir='ltr'>eurumque</span> <span class='ocrx_word' id='word_1_44' title='bbox 616 840 699 876; x_wconf 77' lang='lat' dir='ltr'>causa</span> <span class='ocrx_word' id='word_1_45' title='bbox 710 833 738 876; x_wconf 90' lang='lat' dir='ltr'>et</span> <span class='ocrx_word' id='word_1_46' title='bbox 749 825 807 876; x_wconf 76' lang='lat' dir='ltr'>elias</span> <span class='ocrx_word' id='word_1_47' title='bbox 819 839 859 873; x_wconf 91' lang='lat' dir='ltr'>res</span> <span class='ocrx_word' id='word_1_48' title='bbox 869 824 983 875; x_wconf 81' lang='lat' dir='ltr'>historiae</span> <span class='ocrx_word' id='word_1_49' title='bbox 994 827 1124 884; x_wconf 89' lang='lat' dir='ltr'>notantur,</span> <span class='ocrx_word' id='word_1_50' title='bbox 1136 817 1180 868; x_wconf 89' lang='lat' dir='ltr'>sed</span> <span class='ocrx_word' id='word_1_51' title='bbox 1196 817 1273 869; x_wconf 85' lang='lat' dir='ltr'>variis</span> <span class='ocrx_word' id='word_1_52' title='bbox 1285 815 1368 864; x_wconf 89' lang='lat' dir='ltr'>modis</span> 
     </span>
     <span class='ocr_line' id='line_1_7' title="bbox 275 895 1370 969; baseline -0.009 -17"><span class='ocrx_word' id='word_1_53' title='bbox 275 904 393 956; x_wconf 76' lang='lat' dir='ltr'>formatas</span> <span class='ocrx_word' id='word_1_54' title='bbox 403 904 437 955; x_wconf 89' lang='lat' dir='ltr'>ob</span> <span class='ocrx_word' id='word_1_55' title='bbox 453 905 577 969; x_wconf 78' lang='lat' dir='ltr'>meJorem</span> <span class='ocrx_word' id='word_1_56' title='bbox 595 906 752 954; x_wconf 74' lang='lat' dir='ltr'>minoremve</span> <span class='ocrx_word' id='word_1_57' title='bbox 768 918 814 955; x_wconf 89' lang='lat' dir='ltr'>seu</span> <span class='ocrx_word' id='word_1_58' title='bbox 826 911 944 954; x_wconf 85' lang='lat' dir='ltr'>notarum</span> <span class='ocrx_word' id='word_1_59' title='bbox 955 901 1121 962; x_wconf 81' lang='lat' dir='ltr'>breuitatem,</span> <span class='ocrx_word' id='word_1_60' title='bbox 1133 913 1179 948; x_wconf 88' lang='lat' dir='ltr'>seu</span> <span class='ocrx_word' id='word_1_61' title='bbox 1189 896 1237 947; x_wconf 89' lang='lat' dir='ltr'>ioci</span> <span class='ocrx_word' id='word_1_62' title='bbox 1251 895 1370 958; x_wconf 86' lang='lat' dir='ltr'>amplitu-</span> 
     </span>
     <span class='ocr_line' id='line_1_8' title="bbox 276 981 986 1048; baseline -0.004 -16"><span class='ocrx_word' id='word_1_63' title='bbox 276 983 372 1044; x_wconf 80' lang='lat' dir='ltr'>dinem,</span> <span class='ocrx_word' id='word_1_64' title='bbox 381 981 492 1034; x_wconf 85' lang='lat' dir='ltr'>l&#39;ortasse</span> <span class='ocrx_word' id='word_1_65' title='bbox 502 984 580 1034; x_wconf 86' lang='lat' dir='ltr'>etiem</span> <span class='ocrx_word' id='word_1_66' title='bbox 590 983 622 1033; x_wconf 95' lang='lat' dir='ltr'>oh</span> <span class='ocrx_word' id='word_1_67' title='bbox 633 986 790 1048; x_wconf 82' lang='lat' dir='ltr'>sculptorum</span> <span class='ocrx_word' id='word_1_68' title='bbox 802 983 986 1033; x_wconf 72' lang='lat' dir='ltr'>diversitatem.</span> 
     </span>
    </p>

    <p class='ocr_par' dir='ltr' id='par_1_3' title="bbox 273 1056 1381 2159">
     <span class='ocr_line' id='line_1_9' title="bbox 309 1056 1381 1128; baseline -0.007 -16"><span class='ocrx_word' id='word_1_69' title='bbox 309 1063 367 1114; x_wconf 86' lang='lat' dir='ltr'>Nec</span> <span class='ocrx_word' id='word_1_70' title='bbox 379 1070 476 1114; x_wconf 85' lang='lat' dir='ltr'>temere</span> <span class='ocrx_word' id='word_1_71' title='bbox 487 1069 598 1126; x_wconf 86' lang='lat' dir='ltr'>statues,</span> <span class='ocrx_word' id='word_1_72' title='bbox 609 1064 777 1128; x_wconf 76' lang='lat' dir='ltr'>hemicyclum</span> <span class='ocrx_word' id='word_1_73' title='bbox 794 1063 849 1112; x_wconf 92' lang='lat' dir='ltr'>aliis</span> <span class='ocrx_word' id='word_1_74' title='bbox 863 1061 1020 1111; x_wconf 85' lang='lat' dir='ltr'>ornamentis</span> <span class='ocrx_word' id='word_1_75' title='bbox 1037 1058 1114 1110; x_wconf 84' lang='lat' dir='ltr'>inisse</span> <span class='ocrx_word' id='word_1_76' title='bbox 1126 1056 1289 1120; x_wconf 64' lang='lat' dir='ltr'>insignitum</span> <span class='ocrx_word' id='word_1_77' title='bbox 1306 1067 1381 1118; x_wconf 73' lang='grc' dir='ltr'><strong>ιιι,</strong></span> 
     </span>
     <span class='ocr_line' id='line_1_10' title="bbox 276 1135 1369 1208; baseline -0.009 -17"><span class='ocrx_word' id='word_1_78' title='bbox 276 1143 344 1191; x_wconf 85' lang='lat' dir='ltr'>niatu</span> <span class='ocrx_word' id='word_1_79' title='bbox 355 1144 451 1193; x_wconf 84' lang='lat' dir='ltr'>circum</span> <span class='ocrx_word' id='word_1_80' title='bbox 467 1143 522 1207; x_wconf 85' lang='lat' dir='ltr'>ejus</span> <span class='ocrx_word' id='word_1_81' title='bbox 533 1143 653 1208; x_wconf 86' lang='lat' dir='ltr'>reliquias</span> <span class='ocrx_word' id='word_1_82' title='bbox 664 1145 776 1207; x_wconf 89' lang='lat' dir='ltr'>plurium</span> <span class='ocrx_word' id='word_1_83' title='bbox 788 1144 962 1192; x_wconf 86' lang='lat' dir='ltr'>eoissmnarnm</span> <span class='ocrx_word' id='word_1_84' title='bbox 973 1147 1078 1204; x_wconf 88' lang='lat' dir='ltr'>reperta</span> <span class='ocrx_word' id='word_1_85' title='bbox 1087 1143 1146 1186; x_wconf 89' lang='lat' dir='ltr'>suut</span> <span class='ocrx_word' id='word_1_86' title='bbox 1157 1135 1302 1199; x_wconf 75' lang='lat' dir='ltr'>fragmenta</span> <span class='ocrx_word' id='word_1_87' title='bbox 1311 1147 1369 1184; x_wconf 83' lang='lat' dir='ltr'>num</span> 
     </span>
     <span class='ocr_line' id='line_1_11' title="bbox 276 1213 1368 1284; baseline -0.007 -14"><span class='ocrx_word' id='word_1_88' title='bbox 276 1220 435 1284; x_wconf 82' lang='lat' dir='ltr'>quarundam</span> <span class='ocrx_word' id='word_1_89' title='bbox 447 1235 643 1271; x_wconf 86' lang='lat' dir='ltr'>marmorearum</span> <span class='ocrx_word' id='word_1_90' title='bbox 658 1223 811 1274; x_wconf 74' lang='lat' dir='ltr'>Tabularum</span> <span class='ocrx_word' id='word_1_91' title='bbox 828 1220 924 1283; x_wconf 81' lang='lat' dir='ltr'>frustis,</span> <span class='ocrx_word' id='word_1_92' title='bbox 941 1221 966 1268; x_wconf 92' lang='lat' dir='ltr'>in</span> <span class='ocrx_word' id='word_1_93' title='bbox 986 1219 1075 1283; x_wconf 89' lang='lat' dir='ltr'>quibus</span> <span class='ocrx_word' id='word_1_94' title='bbox 1095 1215 1269 1266; x_wconf 87' lang='lat' dir='ltr'>nonnullorum</span> <span class='ocrx_word' id='word_1_95' title='bbox 1288 1213 1368 1275; x_wconf 90' lang='lat' dir='ltr'>ipsius</span> 
     </span>
     <span class='ocr_line' id='line_1_12' title="bbox 277 1294 1370 1365; baseline -0.007 -15"><span class='ocrx_word' id='word_1_96' title='bbox 277 1299 382 1350; x_wconf 75' lang='lat' dir='ltr'>colonie</span> <span class='ocrx_word' id='word_1_97' title='bbox 391 1301 599 1365; x_wconf 72' lang='lat' dir='ltr'>magistratuum,</span> <span class='ocrx_word' id='word_1_98' title='bbox 616 1301 702 1352; x_wconf 85' lang='lat' dir='ltr'>forsan</span> <span class='ocrx_word' id='word_1_99' title='bbox 720 1301 800 1351; x_wconf 83' lang='lat' dir='ltr'>etiarn</span> <span class='ocrx_word' id='word_1_100' title='bbox 813 1301 923 1363; x_wconf 86' lang='lat' dir='ltr'>alicujus</span> <span class='ocrx_word' id='word_1_101' title='bbox 935 1298 1036 1362; x_wconf 73' lang='lat' dir='ltr'>collegii</span> <span class='ocrx_word' id='word_1_102' title='bbox 1049 1297 1152 1347; x_wconf 87' lang='lat' dir='ltr'>nomine</span> <span class='ocrx_word' id='word_1_103' title='bbox 1162 1294 1260 1358; x_wconf 85' lang='lat' dir='ltr'>scripta</span> <span class='ocrx_word' id='word_1_104' title='bbox 1271 1299 1370 1342; x_wconf 73' lang='lat' dir='ltr'>entant.</span> 
     </span>
     <span class='ocr_line' id='line_1_13' title="bbox 278 1375 1369 1444; baseline -0.007 -16"><span class='ocrx_word' id='word_1_105' title='bbox 278 1380 381 1430; x_wconf 81' lang='lat' dir='ltr'>Etenim</span> <span class='ocrx_word' id='word_1_106' title='bbox 392 1381 528 1431; x_wconf 78' lang='lat' dir='ltr'>illustrium</span> <span class='ocrx_word' id='word_1_107' title='bbox 540 1395 570 1431; x_wconf 88' lang='lat' dir='ltr'>ac</span> <span class='ocrx_word' id='word_1_108' title='bbox 579 1381 645 1430; x_wconf 88' lang='lat' dir='ltr'>bene</span> <span class='ocrx_word' id='word_1_109' title='bbox 654 1381 687 1430; x_wconf 88' lang='lat' dir='ltr'>de</span> <span class='ocrx_word' id='word_1_110' title='bbox 695 1381 797 1444; x_wconf 84' lang='lat' dir='ltr'>republ.</span> <span class='ocrx_word' id='word_1_111' title='bbox 809 1381 961 1430; x_wconf 87' lang='lat' dir='ltr'>merentium</span> <span class='ocrx_word' id='word_1_112' title='bbox 974 1380 1084 1428; x_wconf 83' lang='lat' dir='ltr'>virorum</span> <span class='ocrx_word' id='word_1_113' title='bbox 1094 1385 1195 1427; x_wconf 75' lang='lat' dir='ltr'>statues</span> <span class='ocrx_word' id='word_1_114' title='bbox 1207 1376 1233 1424; x_wconf 90' lang='lat' dir='ltr'>iu</span> <span class='ocrx_word' id='word_1_115' title='bbox 1245 1375 1311 1424; x_wconf 83' lang='lat' dir='ltr'>Foru</span> <span class='ocrx_word' id='word_1_116' title='bbox 1323 1387 1369 1436; x_wconf 92' lang='lat' dir='ltr'>po·</span> 
     </span>
     <span class='ocr_line' id='line_1_14' title="bbox 275 1457 1368 1524; baseline -0.004 -18"><span class='ocrx_word' id='word_1_117' title='bbox 275 1472 339 1508; x_wconf 88' lang='lat' dir='ltr'>nere</span> <span class='ocrx_word' id='word_1_118' title='bbox 357 1460 517 1510; x_wconf 77' lang='lat' dir='ltr'>consuevisse</span> <span class='ocrx_word' id='word_1_119' title='bbox 538 1462 703 1524; x_wconf 75' lang='lat' dir='ltr'>magistratus</span> <span class='ocrx_word' id='word_1_120' title='bbox 723 1461 909 1524; x_wconf 74' lang='lat' dir='ltr'>Praenestinos,</span> <span class='ocrx_word' id='word_1_121' title='bbox 925 1467 954 1510; x_wconf 91' lang='lat' dir='ltr'>et</span> <span class='ocrx_word' id='word_1_122' title='bbox 968 1459 1055 1510; x_wconf 81' lang='lat' dir='ltr'>Livius</span> <span class='ocrx_word' id='word_1_123' title='bbox 1067 1464 1180 1508; x_wconf 88' lang='lat' dir='ltr'>testatur</span> <span class='ocrx_word' id='word_1_124' title='bbox 1193 1468 1278 1506; x_wconf 82' lang='lat' dir='ltr'>xxrtu.</span> <span class='ocrx_word' id='word_1_125' title='bbox 1289 1457 1328 1504; x_wconf 79' lang='lat'>19.</span> <span class='ocrx_word' id='word_1_126' title='bbox 1340 1459 1368 1502; x_wconf 87' lang='lat' dir='ltr'>at</span> 
     </span>
     <span class='ocr_line' id='line_1_15' title="bbox 276 1533 1369 1603; baseline -0.005 -17"><span class='ocrx_word' id='word_1_127' title='bbox 276 1539 363 1600; x_wconf 90' lang='lat' dir='ltr'>plnres</span> <span class='ocrx_word' id='word_1_128' title='bbox 375 1539 542 1602; x_wconf 88' lang='lat' dir='ltr'>comprobant</span> <span class='ocrx_word' id='word_1_129' title='bbox 555 1541 635 1603; x_wconf 85' lang='lat' dir='ltr'>tituli,</span> <span class='ocrx_word' id='word_1_130' title='bbox 652 1555 686 1590; x_wconf 83' lang='lat' dir='ltr'>ex</span> <span class='ocrx_word' id='word_1_131' title='bbox 705 1541 808 1591; x_wconf 84' lang='lat' dir='ltr'>basibus</span> <span class='ocrx_word' id='word_1_132' title='bbox 828 1539 924 1590; x_wconf 86' lang='lat' dir='ltr'>ibidem</span> <span class='ocrx_word' id='word_1_133' title='bbox 941 1540 1050 1602; x_wconf 78' lang='lat' dir='ltr'>repertis</span> <span class='ocrx_word' id='word_1_134' title='bbox 1066 1536 1199 1600; x_wconf 86' lang='lat' dir='ltr'>descripti.</span> <span class='ocrx_word' id='word_1_135' title='bbox 1231 1534 1287 1583; x_wconf 85' lang='lat' dir='ltr'>Has</span> <span class='ocrx_word' id='word_1_136' title='bbox 1299 1533 1369 1582; x_wconf 90' lang='lat' dir='ltr'>inter</span> 
     </span>
     <span class='ocr_line' id='line_1_16' title="bbox 276 1611 1369 1682; baseline -0.005 -16"><span class='ocrx_word' id='word_1_137' title='bbox 276 1624 427 1668; x_wconf 85' lang='lat' dir='ltr'>numeretur</span> <span class='ocrx_word' id='word_1_138' title='bbox 445 1618 529 1668; x_wconf 89' lang='lat' dir='ltr'>Verrii</span> <span class='ocrx_word' id='word_1_139' title='bbox 548 1619 741 1682; x_wconf 23' lang='lat' dir='ltr'>ipsiuslstatua,</span> <span class='ocrx_word' id='word_1_140' title='bbox 760 1625 851 1670; x_wconf 87' lang='lat' dir='ltr'>contra</span> <span class='ocrx_word' id='word_1_141' title='bbox 872 1616 1041 1682; x_wconf 73' lang='lat' dir='ltr'>hemicyclum</span> <span class='ocrx_word' id='word_1_142' title='bbox 1060 1615 1154 1680; x_wconf 81' lang='lat' dir='ltr'>posita,</span> <span class='ocrx_word' id='word_1_143' title='bbox 1173 1613 1246 1679; x_wconf 87' lang='lat' dir='ltr'>qussi</span> <span class='ocrx_word' id='word_1_144' title='bbox 1267 1611 1369 1662; x_wconf 83' lang='grc' dir='ltr'><strong>Αιιιιιι</strong></span> 
     </span>
     <span class='ocr_line' id='line_1_17' title="bbox 276 1691 1369 1762; baseline -0.005 -16"><span class='ocrx_word' id='word_1_145' title='bbox 276 1697 432 1760; x_wconf 89' lang='lat' dir='ltr'>compositos</span> <span class='ocrx_word' id='word_1_146' title='bbox 455 1711 518 1747; x_wconf 86' lang='lat' dir='ltr'>ase</span> <span class='ocrx_word' id='word_1_147' title='bbox 539 1699 628 1748; x_wconf 79' lang='lat' dir='ltr'>Festos</span> <span class='ocrx_word' id='word_1_148' title='bbox 650 1700 820 1762; x_wconf 85' lang='lat' dir='ltr'>contemplari</span> <span class='ocrx_word' id='word_1_149' title='bbox 842 1697 984 1748; x_wconf 81' lang='lat' dir='ltr'>rideretur.</span> <span class='ocrx_word' id='word_1_150' title='bbox 1017 1695 1104 1748; x_wconf 77' lang='lat' dir='ltr'>Quid?</span> <span class='ocrx_word' id='word_1_151' title='bbox 1128 1693 1195 1759; x_wconf 85' lang='lat' dir='ltr'>quud</span> <span class='ocrx_word' id='word_1_152' title='bbox 1217 1692 1295 1756; x_wconf 86' lang='lat' dir='ltr'>ipsius</span> <span class='ocrx_word' id='word_1_153' title='bbox 1317 1691 1369 1741; x_wconf 88' lang='lat' dir='ltr'>loci</span> 
     </span>
     <span class='ocr_line' id='line_1_18' title="bbox 273 1774 1368 1842; baseline -0.006 -17"><span class='ocrx_word' id='word_1_154' title='bbox 273 1774 396 1842; x_wconf 86' lang='lat' dir='ltr'>splendor</span> <span class='ocrx_word' id='word_1_155' title='bbox 407 1774 501 1826; x_wconf 89' lang='lat' dir='ltr'>talibus</span> <span class='ocrx_word' id='word_1_156' title='bbox 512 1778 668 1830; x_wconf 88' lang='lat' dir='ltr'>omameutis</span> <span class='ocrx_word' id='word_1_157' title='bbox 680 1793 731 1828; x_wconf 89' lang='lat' dir='ltr'>nou</span> <span class='ocrx_word' id='word_1_158' title='bbox 742 1792 832 1841; x_wconf 88' lang='lat' dir='ltr'>parum</span> <span class='ocrx_word' id='word_1_159' title='bbox 851 1777 1005 1840; x_wconf 75' lang='lat' dir='ltr'>angebatur.</span> <span class='ocrx_word' id='word_1_160' title='bbox 1036 1777 1103 1826; x_wconf 86' lang='lat' dir='ltr'>Nem</span> <span class='ocrx_word' id='word_1_161' title='bbox 1122 1774 1259 1823; x_wconf 83' lang='lat' dir='ltr'>Praeneste</span> <span class='ocrx_word' id='word_1_162' title='bbox 1275 1783 1368 1820; x_wconf 87' lang='lat' dir='ltr'>venus·</span> 
     </span>
     <span class='ocr_line' id='line_1_19' title="bbox 273 1849 1368 1916; baseline -0.006 -11"><span class='ocrx_word' id='word_1_163' title='bbox 273 1855 366 1905; x_wconf 88' lang='lat' dir='ltr'>tiernus</span> <span class='ocrx_word' id='word_1_164' title='bbox 379 1853 506 1906; x_wconf 82' lang='lat' dir='ltr'>homiuum</span> <span class='ocrx_word' id='word_1_165' title='bbox 519 1855 684 1914; x_wconf 84' lang='lat' dir='ltr'>multitudiue</span> <span class='ocrx_word' id='word_1_166' title='bbox 693 1859 852 1906; x_wconf 85' lang='lat' dir='ltr'>celebratum</span> <span class='ocrx_word' id='word_1_167' title='bbox 870 1870 927 1904; x_wconf 89' lang='lat' dir='ltr'>esse</span> <span class='ocrx_word' id='word_1_168' title='bbox 939 1861 1053 1916; x_wconf 86' lang='lat' dir='ltr'>constat,</span> <span class='ocrx_word' id='word_1_169' title='bbox 1062 1869 1121 1904; x_wconf 88' lang='lat' dir='ltr'>cum</span> <span class='ocrx_word' id='word_1_170' title='bbox 1132 1852 1236 1903; x_wconf 82' lang='lat' dir='ltr'>aestivas</span> <span class='ocrx_word' id='word_1_171' title='bbox 1248 1863 1307 1900; x_wconf 86' lang='lat' dir='ltr'>suas</span> <span class='ocrx_word' id='word_1_172' title='bbox 1323 1849 1368 1898; x_wconf 90' lang='lat' dir='ltr'>de·</span> 
     </span>
     <span class='ocr_line' id='line_1_20' title="bbox 273 1926 1367 1999; baseline -0.005 -17"><span class='ocrx_word' id='word_1_173' title='bbox 273 1934 347 1984; x_wconf 86' lang='lat' dir='ltr'>licias</span> <span class='ocrx_word' id='word_1_174' title='bbox 365 1934 492 1985; x_wconf 89' lang='lat' dir='ltr'>habereut</span> <span class='ocrx_word' id='word_1_175' title='bbox 511 1936 629 1997; x_wconf 82' lang='lat' dir='ltr'>Romani,</span> <span class='ocrx_word' id='word_1_176' title='bbox 646 1935 760 1999; x_wconf 84' lang='lat' dir='ltr'>ipsisque</span> <span class='ocrx_word' id='word_1_177' title='bbox 777 1933 922 1984; x_wconf 66' lang='lat' dir='ltr'>Cesaribus</span> <span class='ocrx_word' id='word_1_178' title='bbox 944 1934 1061 1996; x_wconf 88' lang='lat' dir='ltr'>placeret</span> <span class='ocrx_word' id='word_1_179' title='bbox 1080 1933 1116 1983; x_wconf 90' lang='lat' dir='ltr'>ihi</span> <span class='ocrx_word' id='word_1_180' title='bbox 1138 1931 1272 1980; x_wconf 81' lang='lat' dir='ltr'>rusticari:</span> <span class='ocrx_word' id='word_1_181' title='bbox 1297 1926 1367 1978; x_wconf 90' lang='lat' dir='ltr'>uude</span> 
     </span>
     <span class='ocr_line' id='line_1_21' title="bbox 274 2008 1366 2079; baseline -0.004 -17"><span class='ocrx_word' id='word_1_182' title='bbox 274 2012 351 2064; x_wconf 82' lang='lat' dir='ltr'>facile</span> <span class='ocrx_word' id='word_1_183' title='bbox 367 2014 419 2064; x_wconf 89' lang='lat' dir='ltr'>erit</span> <span class='ocrx_word' id='word_1_184' title='bbox 434 2014 467 2064; x_wconf 87' lang='lat' dir='ltr'>ed</span> <span class='ocrx_word' id='word_1_185' title='bbox 486 2014 694 2079; x_wconf 71' lang='lat' dir='ltr'>intelligendum,</span> <span class='ocrx_word' id='word_1_186' title='bbox 711 2015 895 2078; x_wconf 79' lang='lat' dir='ltr'>cujuscumque</span> <span class='ocrx_word' id='word_1_187' title='bbox 913 2015 1016 2077; x_wconf 73' lang='lat' dir='ltr'>generis</span> <span class='ocrx_word' id='word_1_188' title='bbox 1035 2012 1156 2076; x_wconf 86' lang='lat' dir='ltr'>operibus</span> <span class='ocrx_word' id='word_1_189' title='bbox 1173 2016 1227 2060; x_wconf 89' lang='lat' dir='ltr'>tum</span> <span class='ocrx_word' id='word_1_190' title='bbox 1239 2008 1272 2060; x_wconf 89' lang='lat' dir='ltr'>ad</span> <span class='ocrx_word' id='word_1_191' title='bbox 1284 2021 1366 2063; x_wconf 85' lang='lat' dir='ltr'>usum,</span> 
     </span>
     <span class='ocr_line' id='line_1_22' title="bbox 275 2093 1179 2159; baseline -0.001 -18"><span class='ocrx_word' id='word_1_192' title='bbox 275 2098 329 2143; x_wconf 85' lang='lat' dir='ltr'>turn</span> <span class='ocrx_word' id='word_1_193' title='bbox 340 2093 372 2146; x_wconf 90' lang='lat' dir='ltr'>sd</span> <span class='ocrx_word' id='word_1_194' title='bbox 382 2093 544 2159; x_wconf 87' lang='lat' dir='ltr'>splendorem</span> <span class='ocrx_word' id='word_1_195' title='bbox 555 2102 582 2146; x_wconf 88' lang='lat' dir='ltr'>et</span> <span class='ocrx_word' id='word_1_196' title='bbox 594 2096 764 2159; x_wconf 82' lang='lat' dir='ltr'>voluptatem,</span> <span class='ocrx_word' id='word_1_197' title='bbox 776 2102 878 2145; x_wconf 89' lang='lat' dir='ltr'>auctum</span> <span class='ocrx_word' id='word_1_198' title='bbox 890 2108 947 2144; x_wconf 88' lang='lat' dir='ltr'>esse</span> <span class='ocrx_word' id='word_1_199' title='bbox 959 2100 1038 2158; x_wconf 86' lang='lat' dir='ltr'>etque</span> <span class='ocrx_word' id='word_1_200' title='bbox 1049 2101 1179 2142; x_wconf 87' lang='lat' dir='ltr'>ornatum.</span> 
     </span>
    </p>

    <p class='ocr_par' dir='ltr' id='par_1_4' title="bbox 270 2171 1368 3831">
     <span class='ocr_line' id='line_1_23' title="bbox 306 2171 1366 2238; baseline -0.004 -16"><span class='ocrx_word' id='word_1_201' title='bbox 306 2172 400 2234; x_wconf 84' lang='lat' dir='ltr'>Porro,</span> <span class='ocrx_word' id='word_1_202' title='bbox 413 2180 443 2222; x_wconf 91' lang='lat' dir='ltr'>nt</span> <span class='ocrx_word' id='word_1_203' title='bbox 456 2174 514 2238; x_wconf 88' lang='lat' dir='ltr'>ipsa</span> <span class='ocrx_word' id='word_1_204' title='bbox 523 2175 614 2224; x_wconf 88' lang='lat' dir='ltr'>horum</span> <span class='ocrx_word' id='word_1_205' title='bbox 631 2175 766 2225; x_wconf 87' lang='lat' dir='ltr'>Fastorum</span> <span class='ocrx_word' id='word_1_206' title='bbox 782 2174 850 2224; x_wconf 88' lang='lat' dir='ltr'>ratio</span> <span class='ocrx_word' id='word_1_207' title='bbox 865 2174 1035 2237; x_wconf 73' lang='lat' dir='ltr'>intelligetur,</span> <span class='ocrx_word' id='word_1_208' title='bbox 1046 2171 1187 2222; x_wconf 89' lang='lat' dir='ltr'>tenendum</span> <span class='ocrx_word' id='word_1_209' title='bbox 1199 2174 1249 2234; x_wconf 87' lang='lat' dir='ltr'>est,</span> <span class='ocrx_word' id='word_1_210' title='bbox 1259 2182 1304 2220; x_wconf 88' lang='lat' dir='ltr'>eus</span> <span class='ocrx_word' id='word_1_211' title='bbox 1315 2180 1366 2218; x_wconf 91' lang='lat' dir='ltr'>nou</span> 
     </span>
     <span class='ocr_line' id='line_1_24' title="bbox 274 2247 1366 2317; baseline -0.003 -17"><span class='ocrx_word' id='word_1_212' title='bbox 274 2265 349 2301; x_wconf 87' lang='grc' dir='ltr'><strong>ιιιιιι</strong></span> <span class='ocrx_word' id='word_1_213' title='bbox 364 2267 395 2302; x_wconf 86' lang='lat' dir='ltr'>eu</span> <span class='ocrx_word' id='word_1_214' title='bbox 413 2253 492 2304; x_wconf 85' lang='lat' dir='ltr'>libros</span> <span class='ocrx_word' id='word_1_215' title='bbox 510 2253 644 2306; x_wconf 78' lang='lat' dir='ltr'>Fastorum</span> <span class='ocrx_word' id='word_1_216' title='bbox 664 2254 807 2306; x_wconf 87' lang='lat' dir='ltr'>Orldianov</span> <span class='ocrx_word' id='word_1_217' title='bbox 825 2255 971 2317; x_wconf 84' lang='lat' dir='ltr'>complexos</span> <span class='ocrx_word' id='word_1_218' title='bbox 990 2267 1045 2302; x_wconf 85' lang='lat' dir='ltr'>ease</span> <span class='ocrx_word' id='word_1_219' title='bbox 1057 2253 1270 2316; x_wconf 80' lang='lat' dir='ltr'>‘Temporacuus</span> <span class='ocrx_word' id='word_1_220' title='bbox 1282 2247 1366 2298; x_wconf 86' lang='lat' dir='ltr'>causis</span> 
     </span>
     <span class='ocr_line' id='line_1_25' title="bbox 275 2327 1368 2399; baseline -0.002 -19"><span class='ocrx_word' id='word_1_221' title='bbox 275 2330 377 2382; x_wconf 85' lang='lat' dir='ltr'>Latium</span> <span class='ocrx_word' id='word_1_222' title='bbox 389 2333 491 2396; x_wconf 75' lang='lat' dir='ltr'>digesta</span> <span class='ocrx_word' id='word_1_223' title='bbox 502 2349 549 2399; x_wconf 89' lang='lat' dir='ltr'>per</span> <span class='ocrx_word' id='word_1_224' title='bbox 560 2333 673 2399; x_wconf 88' lang='lat' dir='ltr'>anuum,&#39;</span> <span class='ocrx_word' id='word_1_225' title='bbox 684 2343 711 2387; x_wconf 91' lang='lat' dir='ltr'>et</span> <span class='ocrx_word' id='word_1_226' title='bbox 728 2334 828 2386; x_wconf 81' lang='lat' dir='ltr'>‘Sacae</span> <span class='ocrx_word' id='word_1_227' title='bbox 847 2334 982 2384; x_wconf 87' lang='lat' dir='ltr'>annalibus</span> <span class='ocrx_word' id='word_1_228' title='bbox 998 2338 1073 2383; x_wconf 85' lang='lat' dir='ltr'>eruta</span> <span class='ocrx_word' id='word_1_229' title='bbox 1090 2331 1191 2396; x_wconf 81' lang='lat' dir='ltr'>priscis,</span> <span class='ocrx_word' id='word_1_230' title='bbox 1209 2328 1250 2379; x_wconf 79' lang='lat' dir='ltr'>Ac</span> <span class='ocrx_word' id='word_1_231' title='bbox 1267 2343 1317 2394; x_wconf 79' lang='lat' dir='ltr'>quta</span> <span class='ocrx_word' id='word_1_232' title='bbox 1332 2327 1368 2378; x_wconf 90' lang='lat' dir='ltr'>sit</span> 
     </span>
     <span class='ocr_line' id='line_1_26' title="bbox 275 2408 1366 2477; baseline 0 -17"><span class='ocrx_word' id='word_1_233' title='bbox 275 2412 367 2462; x_wconf 87' lang='lat' dir='ltr'>merito</span> <span class='ocrx_word' id='word_1_234' title='bbox 382 2428 490 2477; x_wconf 81' lang='lat' dir='ltr'>quaeque</span> <span class='ocrx_word' id='word_1_235' title='bbox 509 2421 598 2464; x_wconf 89' lang='lat' dir='ltr'>notata</span> <span class='ocrx_word' id='word_1_236' title='bbox 613 2415 687 2466; x_wconf 66' lang='lat' dir='ltr'>dies!</span> <span class='ocrx_word' id='word_1_237' title='bbox 719 2417 854 2467; x_wconf 80' lang='lat' dir='ltr'>Praeterea</span> <span class='ocrx_word' id='word_1_238' title='bbox 870 2416 952 2466; x_wconf 88' lang='lat' dir='ltr'>incisa</span> <span class='ocrx_word' id='word_1_239' title='bbox 970 2416 1020 2464; x_wconf 90' lang='lat' dir='ltr'>iilis</span> <span class='ocrx_word' id='word_1_240' title='bbox 1038 2421 1114 2464; x_wconf 88' lang='lat' dir='ltr'>eraut</span> <span class='ocrx_word' id='word_1_241' title='bbox 1131 2412 1255 2477; x_wconf 74' lang='lat' dir='ltr'>Anguste</span> <span class='ocrx_word' id='word_1_242' title='bbox 1277 2408 1366 2460; x_wconf 89' lang='lat' dir='ltr'>domus</span> 
     </span>
     <span class='ocr_line' id='line_1_27' title="bbox 275 2486 1367 2560; baseline 0.002 -23"><span class='ocrx_word' id='word_1_243' title='bbox 275 2490 283 2516; x_wconf 88' lang='lat'>‘</span> <span class='ocrx_word' id='word_1_244' title='bbox 295 2487 363 2541; x_wconf 85' lang='lat' dir='ltr'>iesta</span> <span class='ocrx_word' id='word_1_245' title='bbox 374 2490 532 2540; x_wconf 83' lang='lat' dir='ltr'>domestice&#39;</span> <span class='ocrx_word' id='word_1_246' title='bbox 552 2508 611 2543; x_wconf 91' lang='lat' dir='ltr'>cum</span> <span class='ocrx_word' id='word_1_247' title='bbox 626 2493 635 2521; x_wconf 89' lang='lat'>‘</span> <span class='ocrx_word' id='word_1_248' title='bbox 646 2496 757 2560; x_wconf 76' lang='lat' dir='ltr'>praemiis</span> <span class='ocrx_word' id='word_1_249' title='bbox 769 2497 861 2546; x_wconf 82' lang='lat' dir='ltr'>Festos</span> <span class='ocrx_word' id='word_1_250' title='bbox 874 2493 1052 2559; x_wconf 78' lang='lat' dir='ltr'>signantibus,&#39;</span> <span class='ocrx_word' id='word_1_251' title='bbox 1072 2492 1166 2558; x_wconf 81' lang='lat' dir='ltr'>(Ouid.</span> <span class='ocrx_word' id='word_1_252' title='bbox 1182 2492 1252 2541; x_wconf 80' lang='lat' dir='ltr'>Fert.</span> <span class='ocrx_word' id='word_1_253' title='bbox 1264 2503 1285 2540; x_wconf 93' lang='grc' dir='ltr'>ι.</span> <span class='ocrx_word' id='word_1_254' title='bbox 1295 2486 1367 2552; x_wconf 86' lang='grc' dir='ltr'><strong>ιιιι.)</strong></span> 
     </span>
     <span class='ocr_line' id='line_1_28' title="bbox 275 2568 1366 2638; baseline -0.001 -20"><span class='ocrx_word' id='word_1_255' title='bbox 275 2582 335 2634; x_wconf 82' lang='lat' dir='ltr'>quae</span> <span class='ocrx_word' id='word_1_256' title='bbox 346 2569 401 2622; x_wconf 82' lang='lat' dir='ltr'>lul.</span> <span class='ocrx_word' id='word_1_257' title='bbox 413 2568 520 2634; x_wconf 71' lang='lat' dir='ltr'>eacan,</span> <span class='ocrx_word' id='word_1_258' title='bbox 532 2571 659 2638; x_wconf 75' lang='lat' dir='ltr'>Angusto,</span> <span class='ocrx_word' id='word_1_259' title='bbox 670 2581 697 2626; x_wconf 87' lang='lat' dir='ltr'>et</span> <span class='ocrx_word' id='word_1_260' title='bbox 706 2574 810 2626; x_wconf 84' lang='lat' dir='ltr'>&#39;liberio</span> <span class='ocrx_word' id='word_1_261' title='bbox 823 2575 931 2625; x_wconf 85' lang='lat' dir='ltr'>Petrum</span> <span class='ocrx_word' id='word_1_262' title='bbox 942 2589 1005 2626; x_wconf 89' lang='lat' dir='ltr'>curs</span> <span class='ocrx_word' id='word_1_263' title='bbox 1015 2580 1043 2624; x_wconf 91' lang='lat' dir='ltr'>et</span> <span class='ocrx_word' id='word_1_264' title='bbox 1058 2573 1195 2626; x_wconf 83' lang='lat' dir='ltr'>Quiritium</span> <span class='ocrx_word' id='word_1_265' title='bbox 1206 2569 1279 2620; x_wconf 84' lang='lat' dir='ltr'>favor</span> <span class='ocrx_word' id='word_1_266' title='bbox 1290 2568 1366 2619; x_wconf 87' lang='lat' dir='ltr'>detn-</span> 
     </span>
     <span class='ocr_line' id='line_1_29' title="bbox 274 2649 1364 2719; baseline -0.001 -21"><span class='ocrx_word' id='word_1_267' title='bbox 274 2649 350 2699; x_wconf 86' lang='lat' dir='ltr'>lerst.</span> <span class='ocrx_word' id='word_1_268' title='bbox 382 2649 449 2700; x_wconf 82' lang='lat' dir='ltr'>Sunt</span> <span class='ocrx_word' id='word_1_269' title='bbox 461 2665 524 2716; x_wconf 78' lang='lat' dir='ltr'>ergo</span> <span class='ocrx_word' id='word_1_270' title='bbox 536 2653 655 2704; x_wconf 84' lang='lat' dir='ltr'>Verriaui</span> <span class='ocrx_word' id='word_1_271' title='bbox 665 2655 736 2706; x_wconf 82' lang='lat' dir='ltr'>Fasti</span> <span class='ocrx_word' id='word_1_272' title='bbox 747 2670 780 2706; x_wconf 85' lang='lat' dir='ltr'>ex</span> <span class='ocrx_word' id='word_1_273' title='bbox 796 2669 883 2706; x_wconf 85' lang='lat' dir='ltr'>aarum</span> <span class='ocrx_word' id='word_1_274' title='bbox 902 2669 1007 2719; x_wconf 75' lang='lat' dir='ltr'>genere,</span> <span class='ocrx_word' id='word_1_275' title='bbox 1015 2655 1057 2719; x_wconf 79' lang='lat' dir='ltr'>quui</span> <span class='ocrx_word' id='word_1_276' title='bbox 1071 2653 1110 2702; x_wconf 88' lang='lat' dir='ltr'>vei</span> <span class='ocrx_word' id='word_1_277' title='bbox 1128 2650 1231 2703; x_wconf 80' lang='lat' dir='ltr'>‘sacri’</span> <span class='ocrx_word' id='word_1_278' title='bbox 1243 2651 1284 2698; x_wconf 88' lang='lat' dir='ltr'>vel</span> <span class='ocrx_word' id='word_1_279' title='bbox 1302 2654 1364 2698; x_wconf 81' lang='lat' dir='ltr'>‘ce-</span> 
     </span>
     <span class='ocr_line' id='line_1_30' title="bbox 274 2725 1365 2799; baseline -0.003 -21"><span class='ocrx_word' id='word_1_280' title='bbox 274 2728 396 2780; x_wconf 88' lang='lat' dir='ltr'>lenderes</span> <span class='ocrx_word' id='word_1_281' title='bbox 404 2727 413 2754; x_wconf 84' lang='lat'><em>&#39;</em></span> <span class='ocrx_word' id='word_1_282' title='bbox 422 2730 550 2798; x_wconf 86' lang='lat' dir='ltr'>dicantur,</span> <span class='ocrx_word' id='word_1_283' title='bbox 559 2740 652 2798; x_wconf 88' lang='lat' dir='ltr'>utpute</span> <span class='ocrx_word' id='word_1_284' title='bbox 663 2749 736 2785; x_wconf 87' lang='lat' dir='ltr'>sacra</span> <span class='ocrx_word' id='word_1_285' title='bbox 745 2743 773 2786; x_wconf 87' lang='lat' dir='ltr'>et</span> <span class='ocrx_word' id='word_1_286' title='bbox 784 2733 861 2786; x_wconf 79' lang='lat' dir='ltr'>series</span> <span class='ocrx_word' id='word_1_287' title='bbox 870 2741 962 2799; x_wconf 83' lang='lat' dir='ltr'>statas,</span> <span class='ocrx_word' id='word_1_288' title='bbox 970 2749 1028 2798; x_wconf 75' lang='lat' dir='ltr'>qua</span> <span class='ocrx_word' id='word_1_289' title='bbox 1039 2748 1054 2783; x_wconf 90' lang='lat' dir='ltr'>s</span> <span class='ocrx_word' id='word_1_290' title='bbox 1065 2731 1185 2782; x_wconf 84' lang='lat' dir='ltr'>Calendis</span> <span class='ocrx_word' id='word_1_291' title='bbox 1195 2729 1226 2779; x_wconf 90' lang='lat' dir='ltr'>ad</span> <span class='ocrx_word' id='word_1_292' title='bbox 1236 2725 1365 2778; x_wconf 81' lang='lat' dir='ltr'>calendas</span> 
     </span>
     <span class='ocr_line' id='line_1_31' title="bbox 273 2803 1366 2880; baseline -0.006 -17"><span class='ocrx_word' id='word_1_293' title='bbox 273 2810 380 2873; x_wconf 70' lang='lat' dir='ltr'>siugulis</span> <span class='ocrx_word' id='word_1_294' title='bbox 399 2812 460 2862; x_wconf 86' lang='lat' dir='ltr'>anni</span> <span class='ocrx_word' id='word_1_295' title='bbox 478 2815 609 2865; x_wconf 88' lang='lat' dir='ltr'>mensibus</span> <span class='ocrx_word' id='word_1_296' title='bbox 626 2816 833 2879; x_wconf 84' lang='lat' dir='ltr'>celebrabantur,</span> <span class='ocrx_word' id='word_1_297' title='bbox 847 2816 1021 2880; x_wconf 76' lang='lat' dir='ltr'>designantes.</span> <span class='ocrx_word' id='word_1_298' title='bbox 1055 2803 1241 2876; x_wconf 73' lang='lat' dir='ltr'>Antiquissimis</span> <span class='ocrx_word' id='word_1_299' title='bbox 1260 2806 1366 2872; x_wconf 83' lang='lat' dir='ltr'>quidem</span> 
     </span>
     <span class='ocr_line' id='line_1_32' title="bbox 274 2889 1364 2954; baseline -0.005 -15"><span class='ocrx_word' id='word_1_300' title='bbox 274 2892 434 2954; x_wconf 85' lang='lat' dir='ltr'>temporibus</span> <span class='ocrx_word' id='word_1_301' title='bbox 445 2892 481 2942; x_wconf 92' lang='lat' dir='ltr'>illi</span> <span class='ocrx_word' id='word_1_302' title='bbox 494 2901 593 2944; x_wconf 87' lang='lat' dir='ltr'>tautum</span> <span class='ocrx_word' id='word_1_303' title='bbox 604 2909 732 2948; x_wconf 78' lang='lat' dir='ltr'>sucronem</span> <span class='ocrx_word' id='word_1_304' title='bbox 747 2902 775 2946; x_wconf 92' lang='lat' dir='ltr'>et</span> <span class='ocrx_word' id='word_1_305' title='bbox 790 2895 913 2946; x_wconf 79' lang='lat' dir='ltr'>feriarum</span> <span class='ocrx_word' id='word_1_306' title='bbox 932 2893 1092 2944; x_wconf 87' lang='lat' dir='ltr'>notationem</span> <span class='ocrx_word' id='word_1_307' title='bbox 1111 2889 1256 2948; x_wconf 85' lang='lat' dir='ltr'>habehant;</span> <span class='ocrx_word' id='word_1_308' title='bbox 1274 2893 1364 2951; x_wconf 89' lang='lat' dir='ltr'>postes</span> 
     </span>
     <span class='ocr_line' id='line_1_33' title="bbox 273 2965 1364 3039; baseline -0.003 -19"><span class='ocrx_word' id='word_1_309' title='bbox 273 2971 390 3022; x_wconf 88' lang='lat' dir='ltr'>nonnihil</span> <span class='ocrx_word' id='word_1_310' title='bbox 401 2971 434 3023; x_wconf 89' lang='lat' dir='ltr'>de</span> <span class='ocrx_word' id='word_1_311' title='bbox 445 2969 546 3024; x_wconf 85' lang='lat' dir='ltr'>rs&#39;tioue</span> <span class='ocrx_word' id='word_1_312' title='bbox 557 2975 696 3026; x_wconf 86' lang='lat' dir='ltr'>eorundem</span> <span class='ocrx_word' id='word_1_313' title='bbox 708 2990 837 3026; x_wconf 76' lang='lat' dir='ltr'>mororum</span> <span class='ocrx_word' id='word_1_314' title='bbox 849 2974 1033 3039; x_wconf 84' lang='lat' dir='ltr'>adjiciebatur;</span> <span class='ocrx_word' id='word_1_315' title='bbox 1052 2971 1154 3023; x_wconf 84' lang='lat' dir='ltr'>taudem</span> <span class='ocrx_word' id='word_1_316' title='bbox 1166 2969 1245 3020; x_wconf 89' lang='lat' dir='ltr'>etiam</span> <span class='ocrx_word' id='word_1_317' title='bbox 1261 2965 1364 3017; x_wconf 87' lang='lat' dir='ltr'>nomine</span> 
     </span>
     <span class='ocr_line' id='line_1_34' title="bbox 273 3050 1363 3119; baseline -0.005 -17"><span class='ocrx_word' id='word_1_318' title='bbox 273 3058 301 3102; x_wconf 91' lang='lat' dir='ltr'>et</span> <span class='ocrx_word' id='word_1_319' title='bbox 319 3050 389 3103; x_wconf 82' lang='lat' dir='ltr'>facta</span> <span class='ocrx_word' id='word_1_320' title='bbox 403 3051 533 3103; x_wconf 87' lang='lat' dir='ltr'>bominum</span> <span class='ocrx_word' id='word_1_321' title='bbox 551 3062 716 3105; x_wconf 86' lang='lat' dir='ltr'>accesserunt</span> <span class='ocrx_word' id='word_1_322' title='bbox 737 3055 879 3105; x_wconf 84' lang='lat' dir='ltr'>ambitione</span> <span class='ocrx_word' id='word_1_323' title='bbox 896 3054 1047 3119; x_wconf 89' lang='lat' dir='ltr'>Principum</span> <span class='ocrx_word' id='word_1_324' title='bbox 1057 3059 1085 3102; x_wconf 90' lang='lat' dir='ltr'>et</span> <span class='ocrx_word' id='word_1_325' title='bbox 1101 3057 1288 3103; x_wconf 83' lang='lat' dir='ltr'>asseutatorum</span> <span class='ocrx_word' id='word_1_326' title='bbox 1305 3060 1363 3108; x_wconf 84' lang='lat' dir='ltr'>per-</span> 
     </span>
     <span class='ocr_line' id='line_1_35' title="bbox 274 3125 1363 3197; baseline -0.006 -17"><span class='ocrx_word' id='word_1_327' title='bbox 274 3131 404 3182; x_wconf 85' lang='lat' dir='ltr'>versitate.</span> <span class='ocrx_word' id='word_1_328' title='bbox 439 3132 527 3197; x_wconf 78' lang='lat' dir='ltr'>anue</span> <span class='ocrx_word' id='word_1_329' title='bbox 545 3147 587 3181; x_wconf 87' lang='lat' dir='ltr'>res</span> <span class='ocrx_word' id='word_1_330' title='bbox 606 3134 868 3186; x_wconf 71' lang='lat' dir='ltr'>indeeM.Antonio</span> <span class='ocrx_word' id='word_1_331' title='bbox 884 3134 909 3176; x_wconf 79' lang='lat' dir='ltr'>ia</span> <span class='ocrx_word' id='word_1_332' title='bbox 928 3134 1073 3192; x_wconf 80' lang='lat' dir='ltr'>exemplum</span> <span class='ocrx_word' id='word_1_333' title='bbox 1084 3131 1164 3178; x_wconf 86' lang='lat' dir='ltr'>abiit:</span> <span class='ocrx_word' id='word_1_334' title='bbox 1182 3125 1236 3178; x_wconf 87' lang='lat' dir='ltr'>Cic.</span> <span class='ocrx_word' id='word_1_335' title='bbox 1246 3125 1363 3191; x_wconf 84' lang='lat' dir='ltr'>Philipp.</span> 
     </span>
     <span class='ocr_line' id='line_1_36' title="bbox 272 3207 1363 3272; baseline -0.003 -13"><span class='ocrx_word' id='word_1_336' title='bbox 272 3223 305 3262; x_wconf 93' lang='grc' dir='ltr'>ιι.</span> <span class='ocrx_word' id='word_1_337' title='bbox 315 3213 357 3260; x_wconf 82' lang='lat' dir='ltr'>tt.</span> <span class='ocrx_word' id='word_1_338' title='bbox 388 3210 440 3261; x_wconf 81' lang='lat' dir='ltr'>Sed</span> <span class='ocrx_word' id='word_1_339' title='bbox 449 3212 505 3262; x_wconf 79' lang='lat' dir='ltr'>hac</span> <span class='ocrx_word' id='word_1_340' title='bbox 514 3212 619 3262; x_wconf 82' lang='lat' dir='ltr'>lieentia</span> <span class='ocrx_word' id='word_1_341' title='bbox 629 3207 813 3272; x_wconf 81' lang='lat' dir='ltr'>posterioribus</span> <span class='ocrx_word' id='word_1_342' title='bbox 823 3208 923 3258; x_wconf 79' lang='lat' dir='ltr'>suculis</span> <span class='ocrx_word' id='word_1_343' title='bbox 934 3209 961 3258; x_wconf 93' lang='lat' dir='ltr'>iu</span> <span class='ocrx_word' id='word_1_344' title='bbox 971 3208 1122 3258; x_wconf 88' lang='lat' dir='ltr'>immensum</span> <span class='ocrx_word' id='word_1_345' title='bbox 1133 3207 1225 3272; x_wconf 88' lang='lat' dir='ltr'>crevit,</span> <span class='ocrx_word' id='word_1_346' title='bbox 1236 3212 1363 3272; x_wconf 85' lang='lat' dir='ltr'>occupata</span> 
     </span>
     <span class='ocr_line' id='line_1_37' title="bbox 272 3287 1363 3354; baseline -0.003 -14"><span class='ocrx_word' id='word_1_347' title='bbox 272 3289 404 3352; x_wconf 86' lang='lat' dir='ltr'>republica</span> <span class='ocrx_word' id='word_1_348' title='bbox 423 3291 456 3338; x_wconf 90' lang='lat' dir='ltr'>eh</span> <span class='ocrx_word' id='word_1_349' title='bbox 475 3289 690 3352; x_wconf 84' lang='lat' dir='ltr'>imperatoribus;</span> <span class='ocrx_word' id='word_1_350' title='bbox 708 3288 777 3340; x_wconf 91' lang='lat' dir='ltr'>uude</span> <span class='ocrx_word' id='word_1_351' title='bbox 794 3289 907 3340; x_wconf 77' lang='lat' dir='ltr'>‘Faetus</span> <span class='ocrx_word' id='word_1_352' title='bbox 925 3289 1073 3341; x_wconf 88' lang='lat' dir='ltr'>adulatione</span> <span class='ocrx_word' id='word_1_353' title='bbox 1084 3297 1226 3354; x_wconf 88' lang='lat' dir='ltr'>temporum</span> <span class='ocrx_word' id='word_1_354' title='bbox 1238 3287 1363 3338; x_wconf 79' lang='lat' dir='ltr'>iudatos’</span> 
     </span>
     <span class='ocr_line' id='line_1_38' title="bbox 271 3367 1363 3434; baseline 0 -16"><span class='ocrx_word' id='word_1_355' title='bbox 271 3367 458 3434; x_wconf 74' lang='lat' dir='ltr'>queritur‘l&#39;ac.</span> <span class='ocrx_word' id='word_1_356' title='bbox 470 3368 540 3418; x_wconf 79' lang='lat' dir='ltr'>illst.</span> <span class='ocrx_word' id='word_1_357' title='bbox 552 3381 591 3418; x_wconf 82' lang='lat' dir='ltr'>rr.</span> <span class='ocrx_word' id='word_1_358' title='bbox 604 3371 642 3418; x_wconf 84' lang='lat' dir='ltr'>it.</span> <span class='ocrx_word' id='word_1_359' title='bbox 674 3369 733 3422; x_wconf 78' lang='lat' dir='ltr'>dam</span> <span class='ocrx_word' id='word_1_360' title='bbox 743 3369 801 3432; x_wconf 84' lang='lat' dir='ltr'>hoe,</span> <span class='ocrx_word' id='word_1_361' title='bbox 811 3369 879 3433; x_wconf 78' lang='lat' dir='ltr'>quod</span> <span class='ocrx_word' id='word_1_362' title='bbox 890 3368 986 3420; x_wconf 88' lang='lat' dir='ltr'>dudum</span> <span class='ocrx_word' id='word_1_363' title='bbox 998 3384 1032 3419; x_wconf 84' lang='lat' dir='ltr'>ex</span> <span class='ocrx_word' id='word_1_364' title='bbox 1043 3368 1132 3419; x_wconf 89' lang='lat' dir='ltr'>Ovidii</span> <span class='ocrx_word' id='word_1_365' title='bbox 1143 3370 1255 3420; x_wconf 86' lang='lat' dir='ltr'>carmine</span> <span class='ocrx_word' id='word_1_366' title='bbox 1265 3369 1363 3420; x_wconf 87' lang='lat' dir='ltr'>etalio·</span> 
     </span>
     <span class='ocr_line' id='line_1_39' title="bbox 272 3447 1361 3515; baseline 0.002 -19"><span class='ocrx_word' id='word_1_367' title='bbox 272 3462 327 3498; x_wconf 89' lang='lat' dir='ltr'>rum</span> <span class='ocrx_word' id='word_1_368' title='bbox 340 3453 455 3498; x_wconf 86' lang='lat' dir='ltr'>veterum</span> <span class='ocrx_word' id='word_1_369' title='bbox 467 3448 678 3500; x_wconf 81' lang='lat' dir='ltr'>calendariorum</span> <span class='ocrx_word' id='word_1_370' title='bbox 687 3447 839 3514; x_wconf 71' lang='lat' dir='ltr'>fragmentis</span> <span class='ocrx_word' id='word_1_371' title='bbox 848 3456 1013 3515; x_wconf 87' lang='lat' dir='ltr'>apparuerat,</span> <span class='ocrx_word' id='word_1_372' title='bbox 1025 3449 1143 3514; x_wconf 87' lang='lat' dir='ltr'>inprimis</span> <span class='ocrx_word' id='word_1_373' title='bbox 1153 3465 1219 3500; x_wconf 90' lang='lat' dir='ltr'>nunc</span> <span class='ocrx_word' id='word_1_374' title='bbox 1232 3455 1361 3500; x_wconf 89' lang='lat' dir='ltr'>testentur</span> 
     </span>
     <span class='ocr_line' id='line_1_40' title="bbox 271 3526 1361 3589; baseline 0.003 -13"><span class='ocrx_word' id='word_1_375' title='bbox 271 3526 386 3589; x_wconf 79' lang='lat' dir='ltr'>reliquiae</span> <span class='ocrx_word' id='word_1_376' title='bbox 404 3527 539 3577; x_wconf 79' lang='lat' dir='ltr'>Fastorum</span> <span class='ocrx_word' id='word_1_377' title='bbox 555 3527 745 3578; x_wconf 78' lang='lat' dir='ltr'>Verrieuorum.</span> <span class='ocrx_word' id='word_1_378' title='bbox 779 3530 882 3579; x_wconf 81' lang='lat' dir='ltr'>Etenim</span> <span class='ocrx_word' id='word_1_379' title='bbox 903 3529 927 3578; x_wconf 92' lang='lat' dir='ltr'>in</span> <span class='ocrx_word' id='word_1_380' title='bbox 945 3529 984 3579; x_wconf 89' lang='lat' dir='ltr'>his</span> <span class='ocrx_word' id='word_1_381' title='bbox 1002 3544 1052 3578; x_wconf 87' lang='grc' dir='ltr'><strong>ιιιι</strong></span> <span class='ocrx_word' id='word_1_382' title='bbox 1071 3528 1146 3578; x_wconf 90' lang='lat' dir='ltr'>modo</span> <span class='ocrx_word' id='word_1_383' title='bbox 1166 3528 1288 3580; x_wconf 79' lang='lat' dir='ltr'>feriarum</span> <span class='ocrx_word' id='word_1_384' title='bbox 1306 3528 1361 3580; x_wconf 87' lang='lat' dir='ltr'>dies</span> 
     </span>
     <span class='ocr_line' id='line_1_41' title="bbox 270 3605 1362 3670; baseline 0 -12"><span class='ocrx_word' id='word_1_385' title='bbox 270 3605 416 3658; x_wconf 85' lang='lat' dir='ltr'>iudicentur</span> <span class='ocrx_word' id='word_1_386' title='bbox 425 3605 535 3669; x_wconf 79' lang='lat' dir='ltr'>edJ&#39;ectis</span> <span class='ocrx_word' id='word_1_387' title='bbox 546 3607 631 3658; x_wconf 86' lang='lat' dir='ltr'>causis</span> <span class='ocrx_word' id='word_1_388' title='bbox 646 3614 674 3659; x_wconf 92' lang='lat' dir='ltr'>et</span> <span class='ocrx_word' id='word_1_389' title='bbox 690 3609 849 3670; x_wconf 85' lang='lat' dir='ltr'>rationibus;</span> <span class='ocrx_word' id='word_1_390' title='bbox 867 3623 954 3658; x_wconf 88' lang='lat' dir='ltr'>verum</span> <span class='ocrx_word' id='word_1_391' title='bbox 966 3615 1087 3658; x_wconf 86' lang='lat' dir='ltr'>notantur</span> <span class='ocrx_word' id='word_1_392' title='bbox 1099 3609 1176 3658; x_wconf 87' lang='lat' dir='ltr'>etiam</span> <span class='ocrx_word' id='word_1_393' title='bbox 1187 3607 1241 3657; x_wconf 87' lang='lat' dir='ltr'>dies</span> <span class='ocrx_word' id='word_1_394' title='bbox 1257 3614 1284 3658; x_wconf 92' lang='lat' dir='ltr'>et</span> <span class='ocrx_word' id='word_1_395' title='bbox 1301 3609 1362 3658; x_wconf 87' lang='lat' dir='ltr'>anni</span> 
     </span>
     <span class='ocr_line' id='line_1_42' title="bbox 272 3686 1360 3754; baseline -0.001 -16"><span class='ocrx_word' id='word_1_396' title='bbox 272 3699 367 3750; x_wconf 86' lang='lat' dir='ltr'>rerum,</span> <span class='ocrx_word' id='word_1_397' title='bbox 391 3686 479 3738; x_wconf 79' lang='lat' dir='ltr'>adul.</span> <span class='ocrx_word' id='word_1_398' title='bbox 494 3687 608 3752; x_wconf 69' lang='lat' dir='ltr'>Curare,</span> <span class='ocrx_word' id='word_1_399' title='bbox 627 3688 753 3754; x_wconf 70' lang='lat' dir='ltr'>Auguste,</span> <span class='ocrx_word' id='word_1_400' title='bbox 772 3696 800 3740; x_wconf 93' lang='lat' dir='ltr'>et</span> <span class='ocrx_word' id='word_1_401' title='bbox 820 3689 928 3740; x_wconf 80' lang='lat' dir='ltr'>Tiberio</span> <span class='ocrx_word' id='word_1_402' title='bbox 947 3697 1088 3752; x_wconf 71' lang='lat' dir='ltr'>testarum,</span> <span class='ocrx_word' id='word_1_403' title='bbox 1106 3689 1291 3753; x_wconf 85' lang='lat' dir='ltr'>honorumque,</span> <span class='ocrx_word' id='word_1_404' title='bbox 1315 3689 1360 3753; x_wconf 87' lang='lat' dir='ltr'>qni</span> 
     </span>
     <span class='ocr_line' id='line_1_43' title="bbox 270 3765 841 3831; baseline 0.004 -15"><span class='ocrx_word' id='word_1_405' title='bbox 270 3765 361 3816; x_wconf 85' lang='lat' dir='ltr'>lisdem</span> <span class='ocrx_word' id='word_1_406' title='bbox 374 3765 540 3830; x_wconf 85' lang='lat' dir='ltr'>Principibus</span> <span class='ocrx_word' id='word_1_407' title='bbox 549 3767 652 3831; x_wconf 89' lang='lat' dir='ltr'>publice</span> <span class='ocrx_word' id='word_1_408' title='bbox 663 3770 762 3820; x_wconf 83' lang='lat' dir='ltr'>decreti</span> <span class='ocrx_word' id='word_1_409' title='bbox 773 3773 841 3820; x_wconf 89' lang='lat' dir='ltr'>sunt.</span> 
     </span>
    </p>

    <p class='ocr_par' dir='ltr' id='par_1_5' title="bbox 202 3847 1361 4234">
     <span class='ocr_line' id='line_1_44' title="bbox 303 3847 1361 3913; baseline 0.002 -15"><span class='ocrx_word' id='word_1_410' title='bbox 303 3847 368 3898; x_wconf 78' lang='lat' dir='ltr'>Quas</span> <span class='ocrx_word' id='word_1_411' title='bbox 386 3861 443 3896; x_wconf 88' lang='lat' dir='ltr'>cnm</span> <span class='ocrx_word' id='word_1_412' title='bbox 460 3847 498 3897; x_wconf 91' lang='lat' dir='ltr'>ite</span> <span class='ocrx_word' id='word_1_413' title='bbox 515 3861 543 3898; x_wconf 90' lang='lat' dir='ltr'>se</span> <span class='ocrx_word' id='word_1_414' title='bbox 560 3847 681 3906; x_wconf 87' lang='lat' dir='ltr'>habeant,</span> <span class='ocrx_word' id='word_1_415' title='bbox 693 3851 758 3900; x_wconf 89' lang='lat' dir='ltr'>etin</span> <span class='ocrx_word' id='word_1_416' title='bbox 772 3849 871 3912; x_wconf 78' lang='grc' dir='ltr'><strong>ριιιιι,</strong></span> <span class='ocrx_word' id='word_1_417' title='bbox 881 3848 989 3913; x_wconf 85' lang='lat' dir='ltr'>qurehic</span> <span class='ocrx_word' id='word_1_418' title='bbox 1000 3849 1026 3898; x_wconf 92' lang='lat' dir='ltr'>in</span> <span class='ocrx_word' id='word_1_419' title='bbox 1044 3855 1211 3912; x_wconf 86' lang='lat' dir='ltr'>conspectum</span> <span class='ocrx_word' id='word_1_420' title='bbox 1223 3855 1361 3911; x_wconf 85' lang='lat' dir='ltr'>venerunt,</span> 
     </span>
     <span class='ocr_line' id='line_1_45' title="bbox 270 3923 1358 3994; baseline 0.004 -19"><span class='ocrx_word' id='word_1_421' title='bbox 270 3923 422 3991; x_wconf 71' lang='lat' dir='ltr'>fragmentis</span> <span class='ocrx_word' id='word_1_422' title='bbox 433 3928 516 3992; x_wconf 84' lang='lat' dir='ltr'>plura,</span> <span class='ocrx_word' id='word_1_423' title='bbox 535 3943 592 3993; x_wconf 74' lang='lat' dir='ltr'>qnae</span> <span class='ocrx_word' id='word_1_424' title='bbox 608 3929 691 3980; x_wconf 88' lang='lat' dir='ltr'>adhuc</span> <span class='ocrx_word' id='word_1_425' title='bbox 707 3929 796 3994; x_wconf 71' lang='lat' dir='ltr'>ignote</span> <span class='ocrx_word' id='word_1_426' title='bbox 815 3936 898 3986; x_wconf 86' lang='lat' dir='ltr'>erant,</span> <span class='ocrx_word' id='word_1_427' title='bbox 909 3929 1087 3993; x_wconf 61' lang='lat' dir='ltr'>reperientem</span> <span class='ocrx_word' id='word_1_428' title='bbox 1102 3930 1220 3992; x_wconf 84' lang='lat' dir='ltr'>quietam</span> <span class='ocrx_word' id='word_1_429' title='bbox 1233 3929 1358 3979; x_wconf 86' lang='lat' dir='ltr'>alienusa</span> 
     </span>
     <span class='ocr_line' id='line_1_46' title="bbox 202 4001 1358 4074; baseline 0.003 -18"><span class='ocrx_word' id='word_1_430' title='bbox 202 4001 208 4010; x_wconf 88' lang='lat'>&#39;</span> <span class='ocrx_word' id='word_1_431' title='bbox 270 4006 354 4070; x_wconf 87' lang='lat' dir='ltr'>prives</span> <span class='ocrx_word' id='word_1_432' title='bbox 366 4006 485 4058; x_wconf 83' lang='lat' dir='ltr'>doctrina</span> <span class='ocrx_word' id='word_1_433' title='bbox 495 4015 544 4072; x_wconf 87' lang='lat' dir='ltr'>est,</span> <span class='ocrx_word' id='word_1_434' title='bbox 554 4010 616 4074; x_wconf 90' lang='lat' dir='ltr'>quiu</span> <span class='ocrx_word' id='word_1_435' title='bbox 636 4011 802 4062; x_wconf 87' lang='lat' dir='ltr'>vehementer</span> <span class='ocrx_word' id='word_1_436' title='bbox 821 4009 916 4072; x_wconf 85' lang='lat' dir='ltr'>doleat,</span> <span class='ocrx_word' id='word_1_437' title='bbox 937 4008 984 4058; x_wconf 88' lang='lat' dir='ltr'>bos</span> <span class='ocrx_word' id='word_1_438' title='bbox 1000 4009 1092 4058; x_wconf 80' lang='lat' dir='ltr'>Festus</span> <span class='ocrx_word' id='word_1_439' title='bbox 1107 4009 1139 4058; x_wconf 91' lang='lat' dir='ltr'>ad</span> <span class='ocrx_word' id='word_1_440' title='bbox 1151 4021 1196 4058; x_wconf 89' lang='lat' dir='ltr'>uos</span> <span class='ocrx_word' id='word_1_441' title='bbox 1209 4010 1358 4072; x_wconf 86' lang='lat' dir='ltr'>pervenisse</span> 
     </span>
     <span class='ocr_line' id='line_1_47' title="bbox 270 4085 1359 4155; baseline 0.006 -23"><span class='ocrx_word' id='word_1_442' title='bbox 270 4085 379 4150; x_wconf 88' lang='lat' dir='ltr'>laceros,</span> <span class='ocrx_word' id='word_1_443' title='bbox 395 4089 506 4152; x_wconf 87' lang='lat' dir='ltr'>mutilos,</span> <span class='ocrx_word' id='word_1_444' title='bbox 518 4095 544 4140; x_wconf 95' lang='lat' dir='ltr'>et</span> <span class='ocrx_word' id='word_1_445' title='bbox 555 4091 627 4155; x_wconf 83' lang='lat' dir='ltr'>qnasi</span> <span class='ocrx_word' id='word_1_446' title='bbox 638 4089 802 4142; x_wconf 80' lang='lat' dir='ltr'>decurtatus?</span> <span class='ocrx_word' id='word_1_447' title='bbox 819 4089 963 4154; x_wconf 76' lang='lat' dir='ltr'>presertim</span> <span class='ocrx_word' id='word_1_448' title='bbox 975 4089 995 4138; x_wconf 88' lang='lat' dir='ltr'>si</span> <span class='ocrx_word' id='word_1_449' title='bbox 1009 4089 1094 4138; x_wconf 89' lang='lat' dir='ltr'>auimo</span> <span class='ocrx_word' id='word_1_450' title='bbox 1104 4089 1257 4139; x_wconf 78' lang='lat' dir='ltr'>obversetur</span> <span class='ocrx_word' id='word_1_451' title='bbox 1273 4089 1359 4138; x_wconf 86' lang='lat' dir='ltr'>Verrii</span> 
     </span>
     <span class='ocr_line' id='line_1_48' title="bbox 272 4165 1358 4234; baseline 0.005 -20"><span class='ocrx_word' id='word_1_452' title='bbox 272 4165 420 4230; x_wconf 82' lang='lat' dir='ltr'>auctoritas,</span> <span class='ocrx_word' id='word_1_453' title='bbox 430 4169 473 4233; x_wconf 81' lang='lat' dir='ltr'>qui</span> <span class='ocrx_word' id='word_1_454' title='bbox 485 4183 577 4220; x_wconf 85' lang='lat' dir='ltr'>nomeu</span> <span class='ocrx_word' id='word_1_455' title='bbox 589 4169 757 4222; x_wconf 81' lang='lat' dir='ltr'>Grammatioi</span> <span class='ocrx_word' id='word_1_456' title='bbox 768 4184 815 4220; x_wconf 88' lang='lat' dir='ltr'>suu</span> <span class='ocrx_word' id='word_1_457' title='bbox 826 4170 918 4220; x_wconf 89' lang='lat' dir='ltr'>merito</span> <span class='ocrx_word' id='word_1_458' title='bbox 929 4169 1052 4228; x_wconf 87' lang='lat' dir='ltr'>obtinuit,</span> <span class='ocrx_word' id='word_1_459' title='bbox 1063 4181 1114 4219; x_wconf 88' lang='lat' dir='ltr'>nou</span> <span class='ocrx_word' id='word_1_460' title='bbox 1127 4170 1194 4234; x_wconf 77' lang='lat' dir='ltr'>quod</span> <span class='ocrx_word' id='word_1_461' title='bbox 1205 4169 1358 4221; x_wconf 88' lang='lat' dir='ltr'>scholastico</span> 
     </span>
    </p>
   </div>
   <div class='ocr_carea' id='block_1_3' title="bbox 0 0 1622 4902">
    <p class='ocr_par' dir='ltr' id='par_1_6' title="bbox 0 0 1622 4902">
     <span class='ocr_line' id='line_1_49' title="bbox 0 0 1622 4902; baseline 0 2"><span class='ocrx_word' id='word_1_462' title='bbox 0 0 1622 4902; x_wconf 95' lang='lat' dir='ltr'> </span> 
     </span>
    </p>
   </div>
  </div>
 </body>
</html>
