3234 4888
584 317 616 366 o.
640 314 819 366 sunroun
842 317 1000 369 intrusi.
1250 300 1337 369 loos

247 461 297 510 loe
307 456 451 508 adhesissa.
467 458 620 522 Quanquam
629 457 772 508 etnonsinis
807 457 875 508 tatio
892 458 955 521 ejus,
978 470 1054 521 qnasn
1077 458 1125 508 lsoc
1148 460 1207 510 loco
1230 459 1336 524 subjicit

249 534 323 588 ratio,
340 533 361 582 si
384 539 483 582 reseras
506 531 608 581 codices
626 547 772 596 sequamur,
807 540 928 592 sutor‚et
945 532 1095 582 Alexandro
1107 535 1145 584 Μ.
1162 548 1263 599 quoque
1275 537 1336 585 ollsn

249 607 335 658 nescio
351 607 411 670 quid
437 607 564 656 mimicum
588 605 771 670 praesefert,
807 621 823 656 a
849 607 971 656 militibus
993 608 1045 656 snis
1069 608 1213 658 inculcata:
1241 611 1263 658 si
1283 622 1334 660 non

248 692 368 748 tanquam
381 683 422 732 cui
435 684 488 733 vits
498 697 546 747 pro
557 682 609 733 sale
623 683 711 746 iussit,
727 691 771 735 sut
807 683 943 739 militibus,
955 683 997 732 vel
1012 685 1067 746 lpse
1078 684 1125 732 sibi
1139 691 1269 746 posceret,
1286 685 1336 736 ‘ue

247 757 310 820 ipsse
329 757 388 805 sita
406 757 441 804 ssl
464 763 540 820 atque
554 757 714 821 jncunditas.
733 761 770 808 sio
806 755 934 808 loctunam
952 773 1023 808 suant
1042 759 1118 808 nimis
1130 759 1261 810 onerando
1272 758 1331 809 fati-

247 833 313 882 enirn
331 839 358 881 et
371 833 487 882 Catullus
499 848 570 882 suuni
592 831 771 896 ‘sallpuaiunt’
807 833 868 897 get!
885 834 961 884 lum.

247 907 376 968 formavit,
393 907 456 970 (nisi
469 909 525 974 quia
542 922 639 958 mecum
656 909 772 958 sentiens
848 908 943 956 Castris
970 906 1079 968 comet]
1102 908 1252 971 Pompeius,
1277 923 1335 958 curn

245 982 772 1047 salicippismlepereibimalit‚)etlepids
807 981 949 1034 Domitium
972 982 999 1032 in
1021 982 1111 1033 Africa
1133 997 1224 1046 magno
1247 984 1337 1047 prelio

246 1058 279 1114 de
288 1058 453 1106 meretricula
464 1058 572 1108 Lucret.
589 1058 632 1107 lib.
641 1070 680 1108 su.
700 1065 772 1110 ‘tota
808 1066 965 1122 superasset,
983 1061 1084 1122 plenam
1102 1074 1131 1110 se
1142 1061 1265 1123 adeptum
1284 1061 1337 1110 uic·

246 1148 344 1182 mernsn
357 1133 413 1182 ssl.’·
429 1134 538 1184 Terreni.
575 1134 772 1184 Veramvocenn
808 1133 900 1182 toriann
918 1148 970 1182 non
986 1135 1097 1196 putauit,
1112 1133 1205 1184 nedum
1217 1135 1332 1184 oblatum

246 1213 372 1271 etaptam
383 1209 524 1272 opprobrio
535 1222 662 1273 censeam,
679 1208 772 1259 ὕψει·-
808 1208 841 1258 ab
853 1208 969 1258 exercitu
990 1223 1082 1258 nornen
1101 1208 1268 1271 imperatoris
1289 1209 1336 1258 esl-

246 1282 303 1335 osic
326 1284 487 1333 libidinosum
508 1283 610 1334 scilicet
632 1285 702 1334 illurn
726 1285 771 1334 iro-
808 1284 910 1334 mittere
930 1283 1010 1334 soluit
1030 1285 1111 1347 prius,
1128 1298 1204 1346 quant
1218 1285 1332 1336 hostium

247 1361 409 1410 mancionem
433 1359 521 1416 scrisse,
538 1367 565 1410 et
587 1360 647 1410 sltse
669 1374 770 1423 spurcae
807 1367 890 1410 castra
902 1359 995 1408 milltes
1007 1358 1183 1422 diripuissent.
1196 1361 1330 1410 Plutarch.

247 1441 325 1497 atque
346 1435 470 1498 impura:
490 1436 527 1483 ita
547 1441 668 1485 autema
690 1434 770 1490 salax,
808 1434 836 1484 in
847 1433 1004 1500 apophtheg.
1023 1434 1098 1483 idern.

245 1509 351 1574 aalaclo,
369 1519 395 1558 ut
410 1524 426 1559 a
439 1523 518 1560 senex
530 1509 641 1571 senecio,
658 1515 686 1559 et
699 1509 769 1566 talla.
838 1511 940 1558 Nullast
959 1509 1075 1573 spatians]
1104 1508 1189 1571 Hnjns
1208 1511 1336 1574 praecepti

245 1584 351 1648 lipsius.
807 1585 942 1646 neglectus
961 1585 1069 1636 multans
1087 1583 1170 1634 landis
1191 1584 1334 1634 Hannibali

278 1660 344 1709 Car.
361 1665 402 1710 oo.
426 1662 468 1710 Ec
483 1659 613 1723 cosenciae]
642 1659 769 1722 Polybius
806 1659 931 1721 detraxit,
943 1671 1000 1708 cnsn
1019 1658 1145 1708 &ansusi
1162 1657 1332 1708 victoriaRo·

245 1733 291 1783 lib.
303 1747 342 1784 tx.
355 1736 448 1786 ‘Valet
463 1736 490 1784 in
501 1735 619 1784 omnibus
636 1733 712 1784 rebus
724 1734 768 1783 lsn·
806 1750 872 1784 marn
892 1735 975 1798 ipsam
997 1748 1028 1783 ea
1046 1734 1121 1782 clsde
1140 1741 1333 1784 consternatam

245 1809 327 1858 suanis
340 1816 368 1859 et
380 1811 458 1875 pollet
470 1811 581 1871 occasio,
595 1808 642 1858 sed
660 1809 769 1858 manime
806 1825 857 1860 uon
882 1809 968 1858 statim
991 1809 1129 1870 petiisset:
1154 1809 1200 1858 sed
1222 1808 1334 1871 spatians

244 1885 271 1932 in
289 1885 406 1936 bellicis!
438 1887 575 1950 Capteuds
591 1887 682 1950 igitur:
700 1887 770 1952 quia,
805 1884 915 1934 animuin
939 1881 1103 1946 recolligendi
1120 1882 1234 1934 dedisset
1254 1883 1335 1934 ltostl-

246 1961 431 2012 verlsisliiartii
443 1963 510 2026 apud
528 1961 626 2012 Liuium
640 1961 684 2011 lib.
702 1975 769 2012 xxv.
807 1959 862 2009 bus.
880 1959 959 2006 Idem.

245 2051 268 2086 o.
282 2040 326 2086 38.
341 2036 359 2084 f.
388 2038 430 2088 ‘st
451 2039 476 2086 in
496 2037 635 2088 occasionis
652 2051 765 2086 monuen·
839 2032 1073 2096 Equosdimitieiot]
1092 2033 1166 2082 Fecit
1183 2034 1231 2084 hoo
1247 2037 1334 2086 Cesar

245 2119 282 2173 to,
304 2112 378 2176 cujus
395 2115 560 2176 praetervolet
578 2117 767 2176 opportunitas,
806 2111 945 2159 oollatnrns
963 2112 1034 2168 siena
1053 2124 1110 2159 curu
1132 2111 1269 2171 Helvetiis,
1290 2112 1334 2161 ubi

245 2196 383 2238 cunctatus
414 2189 525 2251 perillum
549 2187 638 2250 tueris,
664 2189 769 2252 neqnie·
806 2183 887 2247 primo
899 2199 981 2240 saturni.
993 2185 1086 2234 deinde
1098 2187 1209 2235 omnium
1227 2201 1334 2252 oqutots

243 2276 318 2326 quesn
335 2279 394 2312 suox
405 2265 524 2313 omissam
535 2263 663 2327 querare)
679 2265 754 2312 Bm.
807 2267 946 2322 conspectu
966 2262 1081 2315 removit,
1093 2269 1121 2310 nt
1139 2269 1240 2325 aquato
1252 2264 1331 2314 ontul-

276 2339 388 2402 Putant]
413 2340 540 2390 Gruterus
562 2341 625 2402 legit
648 2344 765 2403 spissaret.
806 2350 849 2384 usn
861 2335 984 2398 periculo,
994 2350 1066 2397 spem
1083 2335 1151 2398 fugae
1165 2339 1278 2387 tolleret.
1306 2340 1332 2388 1-

187 2415 189 2420 '
242 2415 396 2476 Vulgatusu,
410 2420 517 2478 putaret,
534 2415 606 2467 abiis
617 2417 709 2471 oritur,
727 2416 770 2480 quui
807 2412 917 2475 deinque
935 2410 967 2460 ad
988 2410 1112 2461 Mundam
1130 2413 1182 2462 suis
1200 2413 1334 2464 reseranti·

243 2490 608 2552 spem‚etsperare‚dsl›onse
621 2498 721 2541 tanturn
733 2491 771 2541 rei
807 2485 853 2536 bot
871 2484 975 2549 pedem,
993 2501 1086 2550 equam
1110 2501 1182 2536 tuum
1204 2489 1296 2540 abduci
1317 2504 1332 2540 s

244 2565 427 2626 expectatione
459 2572 550 2625 psalant
582 2565 771 2628 accipiendum.
806 2568 948 2623 conspectu
965 2575 1011 2609 suo
1026 2561 1118 2624 jussit,
1135 2570 1162 2612 et
1179 2563 1204 2610 ln
1225 2564 1332 2628 primam

243 2637 325 2702 Atqui
336 2639 628 2703 qualemcunque‚etiaus
641 2642 770 2705 nralaerel,
807 2635 889 2684 aciem
918 2634 997 2697 pedes
1025 2637 1154 2696 prosiliit:
1180 2643 1211 2686 ut
1235 2645 1331 2700 preater

243 2714 389 2778 opinionem
401 2713 432 2762 iis
446 2713 685 2777 verbistignificarl,
696 2715 769 2766 Grae·
807 2709 868 2758 alios
885 2707 966 2758 refert
984 2710 1122 2758 Frontinus
1140 2710 1228 2761 lib.tt.
1240 2720 1330 2764 strala·

244 2803 332 2839 norum
359 2789 514 2853 imitatione,
538 2791 605 2839 scire
632 2790 769 2842 debebant.
806 2787 944 2848 80111·⁶·⁸·
961 2784 1034 2832 idem.
1175 2789 1177 2794 ’
1315 2843 1318 2848 ,

244 2864 287 2914 Sio
306 2863 431 2925 Virgilius
444 2863 487 2912 lib.
501 2877 539 2912 ιν.
558 2865 657 2913 AEneid.
674 2865 769 2915 ‘Hune
846 2859 1006 2908 Pomotetdt'
1038 2860 1175 2924 secordias]
1211 2863 1248 2910 Ea
1275 2863 1331 2927 ipsa

244 2952 295 3002 ego
315 2940 335 2988 si
359 2939 431 3001 potui
453 2947 553 2987 tantum
574 2953 680 3001 sperare
698 2940 770 2990 ‹lolo-
805 2947 884 2982 ⁰⁸⁰⁸·
915 2935 971 2983 ΒΘ*
999 2934 1163 2997 Ᾱίῑῐῐῑθθῑθθι
1190 2937 1217 2986 ῑῦ
1236 2935 1332 3003 ΑΓῐῑθΙ,

243 3015 315 3064 ιεω.’
332 3013 392 3064 rUbi
412 3013 520 3065 Quintil.
540 3012 583 3062 lib.
596 3026 658 3062 usus.
679 3013 767 3066 instit.
805 3025 863 3061 suas
882 3022 960 3058 naues
971 3011 1104 3060 usnisersas
1121 3012 1223 3062 incendi
1231 3014 1329 3076 Jussit:

243 3098 309 3142 orat.
327 3106 350 3140 c.
362 3095 386 3142 2.
398 3091 534 3154 Virgilium
548 3092 700 3156 acyrologia
712 3094 767 3144 siva
803 3093 832 3137 ut
850 3087 944 3136 anxilio
964 3085 1033 3148 fuges
1057 3087 1153 3149 ablato,
1176 3103 1227 3152 nou
1250 3091 1326 3142 aliam

242 3168 445 3232 improprietatis
476 3179 603 3220 accusat.¹
638 3169 689 3218 Sed
708 3171 766 3220 vir.
802 3162 849 3211 niti
868 3161 893 3210 in
911 3160 1019 3210 victori!
1037 3173 1108 3225 sporn
1127 3162 1331 3215 heberentmill·

241 3246 340 3308 gilium,
367 3244 524 3308 proindeque
555 3251 668 3294 nostrum
694 3255 766 3296 anso.
803 3245 859 3288 tes:
877 3244 907 3287 nt
917 3236 1008 3287 scribit
1018 3237 1115 3288 Justin.
1135 3239 1153 3287 1.
1171 3251 1244 3290 xxst.
1261 3255 1287 3290 c.
1303 3245 1328 3291 o.

243 3333 309 3380 rem,
317 3317 433 3368 defendit
443 3319 690 3370 lacobusNicolsus
702 3321 765 3372 Mis-
802 3315 907 3380 Quippe
918 3319 1021 3376 norant,
1031 3327 1091 3364 vere
1103 3315 1200 3364 dictum
1212 3331 1227 3366 a
1240 3318 1328 3381 Floro,

236 3381 335 3445 ”cellen
348 3395 464 3458 epiphill.
478 3395 523 3445 lib.
536 3409 567 3444 ιι.
580 3399 656 3444 cili.
676 3397 752 3446 iden.
801 3391 848 3441 lib.
876 3405 919 3442 sn.
947 3405 971 3439 c.
1001 3394 1024 3439 ³.
1047 3391 1230 3442 ‘Necessitate
1252 3402 1328 3444 aucte

277 3469 444 3531 Cannutio]
471 3470 529 3518 Hoc
553 3477 601 3531 est,
619 3471 765 3532 explicante
803 3467 893 3520 virtus,
905 3466 1109 3515 consavictoria·
1122 3466 1180 3516 est!
1198 3467 1257 3516 Eta
1268 3468 1329 3518 Vir·

242 3545 375 3596 A.Hirtio
393 3545 419 3593 in
430 3543 476 3592 lib.
487 3543 519 3592 de
532 3543 607 3593 Bello
619 3543 675 3594 Ais.
693 3551 765 3596 cao.
803 3541 874 3605 pilio,
896 3555 926 3591 ιι.
944 3540 1046 3591 AEueid.
1063 3541 1139 3592 ‘Una
1158 3545 1327 3602 salaminiis,

241 3621 356 3674 ‘tardior
374 3629 401 3671 et
411 3621 596 3671 consideratior
613 3621 765 3673 erstfsctns
802 3617 1152 3678 nulltmtoertrtululem!
1169 3621 1243 3670 Idem.

243 3700 342 3760 Ceasar,
363 3705 390 3747 et
406 3711 438 3746 ex
452 3695 560 3758 pristina
573 3696 686 3749 bellandi
704 3713 764 3748 con·
834 3693 900 3741 CAP·
917 3695 958 3742 61·
978 3693 1045 3755 Equo
1056 3693 1157 3757 insigna]
1174 3697 1215 3746 De
1227 3710 1278 3760 qno
1297 3704 1325 3746 et

240 3775 376 3826 suetudine
395 3773 579 3835 celeritateqne
598 3774 764 3824 excesserat)
802 3769 902 3820 Plinius
915 3769 959 3818 lib.
972 3782 1033 3819 vrrs.
1044 3783 1068 3820 c.
1079 3775 1120 3821 42.
1131 3777 1158 3820 et
1168 3771 1268 3820 Solinus
1275 3773 1327 3821 Po·

241 3853 301 3904 Quo
312 3852 346 3900 de
365 3851 420 3900 loco
432 3849 549 3898 uideatur
561 3848 596 3897 H.
606 3848 698 3912 stepo.
718 3851 763 3902 lib.
801 3847 971 3910 lytroten.
984 3846 1058 3896 Idem.

241 3927 473 3980 crocitationes.
485 3931 513 3976 et
528 3939 605 3989 prae.
617 3929 658 3976 26.
666 3927 720 3998 nbi,
731 3943 763 3980 an
833 3920 990 3986 Haruspices]
1000 3921 1040 3971 Ab
1050 3922 1145 3984 hanugi
1153 3921 1326 3975 nominantur.

242 4005 375 4054 concutio
386 4002 430 4052 iile
441 4000 600 4065 tarditasque
613 4003 667 4052 uitii
683 4002 763 4056 inerit
801 3999 869 4048 Nasu
886 3999 991 4060 uarups,
1014 4003 1079 4046 teste
1099 3999 1214 4059 Donato,
1230 3997 1326 4049 dicitnr

243 4093 276 4127 au
297 4076 593 4141 prudentiae,.disqnirit.
628 4079 683 4127 Nos
706 4093 764 4142 pru.
799 4073 892 4134 hostia,
909 4072 942 4122 sb
959 4072 1030 4132 hara,
1046 4072 1072 4120 in
1089 4072 1323 4136 quaeoncluditnr,

242 4152 338 4206 deutlae
350 4155 524 4219 usignsnus:
542 4153 763 4222 prudensqnlppe
800 4155 965 4226 etserratur.
1000 4145 1159 4210 Haruspices
1171 4153 1232 4198 exta
1246 4163 1322 4212 pecu·
