3220 4892
551 410 582 457 o.
605 407 782 458 surronrr
807 405 1016 458 onustiori.
1242 390 1330 462 lust

238 547 382 611 ‘Perieie,'
401 548 527 614 Eutropio
545 550 715 612 'Perusinum'
736 557 765 600 et
801 550 916 600 immolet
926 551 1040 601 umbrin'
1067 551 1144 614 Trogi
1156 551 1287 602 &oviator
1298 553 1328 601 li·

239 625 325 688 bodie,
334 625 440 688 antiquo
451 627 553 675 numine
565 634 678 686 retento,
689 627 765 676 Peru·
802 625 848 674 bro
866 637 905 675 ιι.
927 626 959 675 de
981 625 1146 676 Alexandro:
1163 627 1273 676 ‘Prima
1291 627 1328 676 illl

236 699 290 759 μὶ,
315 707 419 762 recepta
445 697 515 749 ltalia
542 699 765 764 pronuntiatione)
802 715 864 750 eura
886 710 1051 764 paternarum
1073 702 1239 766 exequiarum
1261 700 1327 751 l'uits

238 773 378 824 Tuscorum
389 775 449 824 urbe
458 782 509 838 eet,
518 775 648 840 Apennini
658 777 716 825 nolli
726 776 764 825 lu·
802 777 828 825 in
840 777 933 840 quibus
952 787 1014 827 ente
1025 778 1111 827 omnia
1123 777 1202 826 ceute
1213 777 1330 825 consolor

238 848 337 898 ridens.
355 851 431 899 Bene.
802 854 833 901 ud
844 853 967 903 tumulum
979 853 1059 916 patris
1070 853 1152 902 ueoidi
1159 849 1256 915 jussit'
1277 851 1330 900 Te·

271 925 303 973 In
320 925 398 974 XIV.
408 925 530 975 quiribus
542 925 671 988 adeelem]
688 927 765 974 Sena·
802 927 869 978 ritus
880 928 914 978 de
924 928 1000 978 etede
1010 927 1082 989 Vari,
1098 929 1125 977 in
1141 929 1224 990 pritno
1242 927 1329 976 Anna·

239 999 277 1048 tui
289 999 314 1048 lu
327 1001 531 1062 Amphitlreetris
546 1017 593 1051 sua
611 1001 686 1050 sedes
701 1000 764 1052 suite
803 1004 883 1052 lion:
905 1004 913 1032 ‘
929 1003 1091 1067 natjeesbeut
1102 1003 1166 1052 ineis
1179 1001 1329 1066 propinquis

238 1089 284 1124 rue
307 1075 405 1139 Equiti,
427 1090 473 1125 sue
493 1077 585 1126 Plebi:
616 1077 695 1133 illeru,
717 1077 767 1127 Or·
803 1075 1329 1140 Barbarssaras,apudqnee'lblbuuuenu

238 1151 367 1198 ellestram
374 1149 478 1212 dirueret
490 1153 766 1215 aiteram‚Equestria;
803 1151 944 1214 primorum
956 1151 1074 1201 ordinum
1086 1151 1251 1201 centuriones
1263 1165 1330 1200 mao-

239 1226 352 1283 tertiam.
375 1225 522 1288 Popularia.
555 1227 694 1290 Equestria
709 1227 765 1286 lege
803 1225 940 1274 taverunt:
972 1227 1017 1274 ste
1037 1226 1177 1289 Spurianus
1196 1225 1331 1290 fugitivus,

238 1307 328 1346 vetere
339 1311 398 1348 xiv.
414 1301 508 1363 gradus
525 1309 640 1350 tenuero.
673 1301 767 1362 ltaque
803 1299 882 1348 Crixo
891 1299 986 1361 oooiso,
996 1309 1125 1350 trecentos
1136 1301 1268 1363 eoaptirie
1281 1301 1331 1350 Ro·

238 1375 334 1434 passim
346 1375 442 1437 legitur
458 1376 565 1426 ‘sedere
576 1378 600 1426 in
614 1376 767 1440 quatuordo·
804 1373 885 1422 menis
912 1373 1041 1423 immolate
1071 1384 1162 1424 auotor
1183 1373 1329 1437 Appianas.

238 1447 307 1506 etn,’
322 1456 349 1496 et
364 1463 410 1511 pru
426 1450 481 1513 ipsa
499 1453 614 1515 equestri
631 1452 767 1514 dignitate.
805 1448 907 1498 coeat.

238 1521 276 1570 Ut
294 1529 380 1570 eutem
402 1539 522 1576 uumerus
533 1527 600 1574 idern
612 1527 660 1576 sub
672 1526 766 1589 prinei·
837 1523 920 1573 idibus
931 1522 1041 1586 Merite]
1065 1525 1124 1576 Quo
1136 1524 1178 1574 die
1195 1525 1293 1576 seilicet
1304 1525 1329 1573 in

238 1595 314 1658 pibus
323 1595 412 1658 fuerit,
421 1607 499 1648 auctu
508 1601 651 1651 immaniter
661 1615 767 1650 numero
803 1598 899 1648 Senatu
913 1600 1001 1648 Ceasar
1012 1601 1120 1650 oeuisus.

238 1669 431 1734 Equitum,uon
439 1674 543 1723 ridetur
552 1676 696 1738 probabile.
707 1677 765 1740 bip·
836 1673 979 1724 rimante»
998 1676 1074 1739 me]
1106 1675 1225 1728 Valeriae
1246 1677 1331 1726 Maxi·

238 1745 300 1794 siae.
763 1767 764 1770 ¹
803 1763 875 1800 inunt
901 1751 1074 1814 ‘Damasippi
1089 1751 1163 1814 „iussu
1185 1752 1330 1815 principum

273 1819 397 1883 Emere]
412 1821 767 1886 'l'bsetreleeerburnfdebis
804 1823 917 1872 civitatis
938 1825 1025 1886 eapite
1043 1826 1184 1874 boetiorum
1203 1826 1332 1889 capitibus

238 1894 282 1957 qni
293 1905 421 1958 oeeupato
433 1911 483 1946 nou
492 1911 538 1948 aue
547 1899 603 1948 leoo
611 1911 718 1962 surgere
724 1899 767 1962 jur·
805 1900 929 1961 permiste
936 1899 1013 1948 aunt'
1030 1900 1118 1948 Livius
1129 1901 1174 1948 lib.
1187 1913 1238 1948 ιιι.
1253 1900 1331 1950 ‘Neo

239 1965 342 2018 beutnr.
360 1971 434 2019 ideas.
805 1975 831 2022 in
843 1975 898 2023 acie
910 1982 1010 2024 testum
1027 1975 1063 2024 ibi
1082 1976 1165 2024 olatiis
1182 1983 1331 2038 arreptum,

271 2044 321 2092 Per
339 2047 510 2110 oppositorem]
528 2047 685 2098 Ministrum.
713 2047 768 2112 Ap·
805 2063 880 2113 quern
893 2050 960 2114 quod
973 2063 1072 2100 coorti.
1088 2051 1184 2102 milites
1203 2051 1332 2100 Romame

240 2133 334 2183 parere
343 2122 412 2169 euim
423 2131 464 2172 est
477 2131 572 2186 praesto
583 2137 640 2173 eree
650 2124 682 2173 ad
694 2125 767 2174 obse-
805 2131 895 2188 captor
922 2126 1121 2190 Tarquinienses
1149 2125 1332 2176 immolaruntr

239 2196 341 2260 quinutu
367 2196 435 2247 unde
447 2207 475 2248 at
486 2201 648 2263 apparitoret
665 2207 769 2252 onustat
804 2215 856 2263 qua
866 2200 986 2249 lteditate
995 2201 1113 2263 rappiioii
1121 2201 1250 2264 aliquanto
1261 2201 1333 2262 iguo·

238 2284 296 2320 este
328 2275 492 2324 nominetur:
528 2277 620 2326 rutilos·
652 2275 768 2326 Servius.
805 2275 885 2324 tuinia
898 2275 984 2336 populi
1005 2275 1112 2325 Romani
1129 2275 1254 2339 insignior
1264 2273 1334 2325 fuit!

239 2346 386 2397 Quinetiam
405 2349 556 2412 apparitura
574 2350 670 2400 dieitur
684 2351 768 2413 ipsum
805 2348 860 2396 Cur
873 2355 953 2396 tentas
965 2349 1111 2411 ignominie
1128 2348 1177 2398 boe
1186 2351 1276 2398 mortis
1288 2365 1332 2412 ge·

238 2422 415 2473 ministerium.
447 2424 544 2474 Scribit
561 2425 726 2488 Tranquillus
741 2426 767 2474 in
804 2422 1332 2487 uusbaberetur,modusediolabat.quem

239 2495 284 2545 lib.
304 2495 337 2545 de
357 2498 472 2547 Gramen.
490 2498 618 2548 Orbilium
635 2501 768 2562 apparitu·
804 2497 889 2560 aperit
899 2498 989 2561 paucis
1001 2501 1085 2548 verbio
1097 2499 1188 2548 rtem
1200 2499 1246 2549 llb.
1257 2512 1291 2548 ιι.
1308 2515 1333 2551 e.

239 2583 293 2618 rem
306 2569 399 2620 leuitas
411 2573 611 2635 magistratibus.
627 2574 742 2623 Bereeld.
805 2577 835 2620 b.
856 2573 988 2633 ‘laegatus
1007 2575 1104 2637 qnippe
1123 2583 1233 2637 nostros,
1250 2573 1283 2623 ob
1300 2587 1333 2624 ea

273 2645 370 2707 Dileto]
398 2647 547 2708 Diruigato.
581 2647 625 2697 Sio
648 2655 722 2696 sutor
742 2649 768 2696 in
804 2661 861 2709 quas
882 2647 1046 2710 deliquerant
1060 2649 1123 2710 jure
1145 2654 1262 2711 agentes,
1283 2661 1332 2698 nen

239 2716 307 2780 Ces.
319 2732 343 2768 e.
352 2723 393 2770 83.
406 2719 414 2746 ‘
426 2718 495 2770 fame
508 2718 626 2769 distulit!
645 2721 719 2770 Bere.
805 2719 891 2783 gladio
902 2719 1015 2782 quidem,
1025 2721 1071 2770 sed
1084 2725 1112 2769 ut
1121 2722 1236 2770 victine·
1247 2723 1332 2770 recuri

274 2796 346 2844 Gneo
356 2809 446 2844 mmm
455 2795 608 2859 Perusinum]
619 2793 768 2846 emuntu-
805 2793 949 2856 pererrauit:
983 2794 1053 2844 Olim
1064 2796 1149 2844 securi
1166 2803 1266 2844 tantuna
1277 2810 1333 2844 sun·

239 2869 351 2920 nltiones
362 2886 464 2935 quoque
474 2873 577 2921 altiores
589 2872 663 2936 lecit,
675 2874 767 2924 additis
804 2876 844 2917 ten
861 2868 1052 2931 puniebantur:
1072 2876 1161 2930 postea
1180 2871 1260 2918 etiam
1278 2870 1333 2932 gla-

240 2959 272 2996 st.
285 2959 312 2995 ιι.
332 2947 423 3011 ligneis
434 2948 548 2997 turribus
564 2961 706 3010 senegaune
723 2962 767 3012 pe·
804 2943 864 2993 dior
890 2945 939 2994 bno
958 2946 1112 3008 supplicium
1133 2945 1176 2995 illo
1199 2946 1282 2995 leuius
1305 2955 1333 2996 et

241 3020 286 3070 des
296 3021 560 3072 interseditteutlbus
567 3027 594 3071 et
602 3023 700 3072 enebris
710 3037 768 3086 pro·
803 3017 937 3070 honestius
948 3019 1040 3069 risum.
1058 3021 1160 3068 &asab

241 3097 402 3162 pupuaeuiie.
421 3095 565 3159 Appieuur.
836 3091 977 3156 Conspectu]
1010 3093 1117 3143 Dietum
1148 3101 1177 3142 ut
1206 3095 1332 3150 contuito,

246 3199 248 3206 ·
274 3170 335 3224 Qua
344 3169 428 3232 oppido
439 3168 559 3231 mperet]
577 3168 654 3218 Liber
665 3179 720 3233 opt.
727 3171 768 3234 qul
804 3166 957 3229 neapolim,
967 3169 1016 3216 lto.
1033 3167 1081 3216 Cui
1094 3167 1333 3232 reeen110,qutppe

239 3243 348 3307 oppidum
359 3249 493 3307 neptem.
510 3244 600 3293 Recte.
619 3245 726 3294 Tot-rent.
804 3241 888 3289 minua
899 3241 1194 3305 usitaturupersertptn
1206 3245 1333 3308 iuterpre-

273 3319 394 3369 cffltn.
421 3319 573 3370 Morinum
591 3319 653 3382 eun]
679 3319 767 3370 leuc.
806 3316 918 3364 tationes
938 3316 963 3363 iu
984 3322 1132 3366 contextam
1161 3316 1247 3366 fortun
1267 3319 1334 3367 irru-

240 3391 351 3449 Mariua,
362 3394 432 3443 uirili
443 3394 511 3444 bello
519 3396 611 3454 vietur,
622 3397 713 3456 iratus,
724 3409 768 3445 ne·
805 3407 877 3456 pere.
909 3392 986 3441 Unde
998 3392 1111 3442 serieres
1129 3394 1178 3442 lats
1194 3393 1332 3443 lectionum

241 3468 357 3516 ueneriis
366 3469 452 3517 catull
460 3468 660 3531 deprecantibus
669 3483 718 3519 non
728 3485 768 3520 se·
804 3476 899 3516 eunte:
917 3469 1169 3530 emaqprepntre,
1186 3471 1334 3533 mnplretst

241 3541 292 3590 mel
304 3540 448 3604 respoudit,
457 3541 503 3590 aed
514 3555 593 3605 repe,
604 3550 611 3571 ⁸
623 3543 768 3594 Morietur.'
806 3542 910 3604 Lipsius
923 3549 1007 3592 tamen
1026 3543 1052 3590 in
1065 3543 1162 3594 Eleotis
1175 3559 1195 3594 ι.
1213 3549 1253 3594 tt.
1272 3547 1334 3594 seri·

243 3615 320 3666 Rern.
805 3616 917 3666 bendum
930 3617 1065 3666 contendit
1078 3625 1205 3682 ιιιιμσιι,
1220 3628 1250 3668 ut
1262 3628 1333 3670 rete·

274 3690 474 3753 DeditlilieJQui
484 3705 511 3740 ae
519 3690 674 3741 dediderunt
683 3693 709 3742 in
717 3694 770 3744 vio·
805 3704 847 3740 res
859 3691 1029 3754 loquebantur
1039 3707 1046 3740 ι
1059 3693 1108 3754 rel,
1116 3693 1193 3756 qood,
1203 3707 1272 3742 nnus
1284 3695 1334 3741 usi·

244 3766 307 3816 toris
317 3773 483 3828 potestatem.
503 3766 578 3814 iden.
806 3765 885 3814 tetius
896 3775 947 3828 est,
956 3773 1090 3829 sompnum.-
1105 3768 1234 3831 quemodo
1245 3767 1253 3794 ‘
1265 3781 1334 3816 oour·

279 3837 407 3903 Utriusque
426 3839 530 3903 ordinis]
549 3840 677 3890 Senatorii
695 3848 724 3891 st
741 3855 768 3892 e·
805 3851 883 3906 pacto
894 3855 948 3891 reus
960 3843 1055 3907 egere'
1075 3852 1104 3892 et
1122 3850 1194 3892 ‘rem
1214 3843 1247 3891 de
1266 3857 1334 3892 eom·

243 3915 456 3982 quamtulam
805 3917 965 3980 prorogari’
978 3917 1331 3980 dlritl’leutus‚booeat,le

275 3992 315 4041 Ad
323 4003 390 4039 eraut
403 3990 437 4039 D.
449 3989 517 4038 latio
527 3995 672 4052 muntium
681 3997 769 4040 mtu-
805 3992 962 4055 meinerus,
972 3995 1080 4059 quadan
1093 3994 1241 4044 collusione.
1258 3996 1334 4046 Bm.

243 4067 291 4130 tos]
318 4067 377 4115 Mos
396 4072 471 4115 notus
491 4077 525 4114 ex
549 4066 706 4115 Tertulliano
730 4069 770 4116 ile
838 4069 868 4118 b.
879 4069 994 4132 Antonii]
1006 4069 1093 4118 Probo
1105 4069 1234 4131 judicium
1247 4069 1336 4120 Freln·

245 4142 409 4204 spectaculis.
423 4151 451 4192 et
468 4141 558 4192 Seruio
579 4143 610 4191 sd
629 4143 698 4191 illum
713 4157 769 4192 ver·
809 4144 907 4206 sbemii,
924 4145 985 4193 duat
1002 4143 1078 4194 beree
1098 4157 1174 4191 eones
1193 4143 1336 4206 irreptitlss

244 4229 310 4280 nuru,
328 4219 473 4268 ‘virenter
495 4217 564 4281 repit
581 4215 688 4268 inferias
705 4232 769 4282 quoe
809 4221 1020 4282 eeamotluquas
1031 4219 1133 4282 ineptus
1144 4217 1335 4282 glossatorldso
