3234 4888
551 464 584 510 c.
605 463 782 512 sunrourr
807 462 962 512 Juutuu.
1213 447 1297 514 lust

213 617 269 668 nys.
281 604 367 668 Autiq:
378 605 451 654 Rom.
468 603 515 653 lib.
528 617 589 654 rur.
607 611 736 654 serratum
775 619 838 655 sum.
850 607 946 653 census
956 605 1088 653 nnmerum
1097 601 1178 653 inibat
1187 608 1298 656 onrniunr

214 679 293 728 titisse
310 680 378 743 spud
401 680 535 740 Romanos,
554 689 583 728 nt
602 689 737 743 petentum
774 681 992 728 omuinociuiurn.
1019 681 1298 731 Recensussuternlric
1345 717 1352 724 -

175 745 178 750 ¹
214 756 736 819 poens,qrrocrrnqueerirnine‚etisrnper·
774 763 831 802 eret
843 769 949 803 examen
969 761 995 804 et
1015 753 1157 818 disquisitio
1169 755 1254 804 brevis
1274 757 1300 805 in

213 830 355 886 duellionis,
367 829 542 894 deliquissent,
552 831 625 879 liberi
635 831 737 879 minime
775 843 829 890 eos,
840 830 884 892 qtri
891 829 952 892 jure
968 835 1013 878 sut
1029 830 1122 892 injtrrlu
1134 831 1270 892 sapiebant
1286 845 1301 880 e

215 913 371 956 tenerentur.
389 905 448 956 Quo
460 913 544 954 tsrnen
556 905 737 954 nonobstante
776 905 877 968 publico
889 905 1052 954 frumentum.
1078 907 1153 958 Quod
1162 921 1241 970 genus
1251 907 1301 957 fuit

213 982 314 1035 Cicero,
324 980 394 1044 quod
413 981 481 1029 inter
490 979 645 1043 ejuslsudes
656 977 738 1029 refert
775 982 860 1030 tenuis
873 989 971 1030 tanturn
991 991 1019 1030 et
1039 995 1122 1044 egens·
1130 982 1213 1046 plebs,
1225 998 1300 1046 qrrsrn

212 1055 281 1104 Plin.
303 1055 347 1104 lib:
367 1069 429 1105 urst.
447 1070 471 1103 c.
488 1059 528 1103 ³⁰.
548 1053 638 1103 videus
661 1054 737 1104 Rem·
775 1055 834 1104 ideo
844 1055 936 1106 Cicero
947 1057 991 1105 lib.
1002 1069 1021 1106 ι.
1031 1056 1063 1105 sd
1076 1056 1158 1106 Attic-
1168 1060 1245 1120 epist.
1262 1062 1301 1107 iti.

213 1130 283 1194 publ.
294 1133 350 1179 siue
361 1129 460 1192 legibus
472 1129 596 1179 Corneliis
608 1138 675 1180 stsre
686 1145 736 1180 nou
775 1131 823 1180 sub
842 1131 887 1180 liu.
914 1132 1079 1180 ‘hirudinem
1105 1132 1204 1180 nrsrit'
1225 1133 1302 1182 dixit.

212 1203 554 1270 porss,sflecitelnquentie
571 1219 624 1267 sne,
640 1212 667 1253 ut
680 1219 737 1268 pro·
775 1205 827 1255 Dio
847 1206 950 1255 Cassius
973 1206 1017 1255 ttb.
1040 1219 1120 1255 xutrt.
1145 1221 1171 1269 p.
1190 1211 1246 1256 25⁴.
1268 1208 1300 1258 B.

212 1279 405 1342 scriptorum's
426 1279 496 1342 Sylla
519 1279 612 1328 liberos
629 1279 738 1329 bonores
775 1281 843 1330 bunc
870 1282 952 1344 ipsum
974 1281 1084 1330 Cossu-is
1107 1295 1239 1330 recensum
1256 1283 1299 1330 τοῦ

214 1363 303 1418 peiere
316 1355 435 1418 puderet.
453 1356 562 1405 rorent.
775 1355 877 1414 ruituras
888 1358 932 1406 τοῦ
949 1355 991 1405 τὸν
1007 1359 1074 1406 σῖτον
1088 1356 1201 1421 φέροντος
1219 1356 1298 1419 dedra·

246 1430 355 1492 Judisis]
384 1430 472 1494 'Hrrjus
496 1431 607 1479 instituti
634 1443 737 1480 csussm
776 1451 814 1484 nn
831 1435 954 1499 sppellst.
978 1435 1110 1484 Recensus
1130 1441 1257 1483 sutemex
1270 1449 1301 1485 eo

214 1505 266 1554 Dio
285 1505 389 1554 Cnosius
409 1504 454 1554 lib.
477 1517 556 1554 xsrrr.
575 1521 601 1569 p·
620 1509 678 1556 256.
702 1508 739 1556 its
776 1510 869 1566 dictus,
889 1510 949 1574 qula
965 1507 1059 1558 tsbulae
1078 1509 1138 1570 illus,
1156 1508 1246 1572 quibus
1266 1510 1303 1558 in-

215 1579 347 1630 reddidit:
359 1579 479 1630 ‘Jndicis
487 1581 738 1646 SenstorlbusEqui-
777 1586 867 1648 scripti
878 1583 1077 1646 frumentsntes,
1089 1584 1229 1633 identidem
1242 1600 1302 1647 pur-

214 1654 334 1719 tibuuque
344 1655 480 1717 commisit,
492 1662 521 1704 ut
532 1657 667 1718 purissime
679 1671 739 1721 psrs
777 1661 832 1723 gsri
841 1660 966 1720 solebant,
974 1661 1067 1724 aliique
1076 1658 1165 1716 suffici,
1175 1667 1218 1709 sut
1228 1661 1304 1709 etism

213 1730 327 1780 civitatis
350 1731 486 1794 jsrdicsret.
519 1730 589 1782 Ante
612 1733 679 1781 enirn
706 1747 740 1780 ex
778 1737 905 1798 expungi:
924 1735 991 1798 quod
1003 1735 1130 1798 posterius
1141 1734 1181 1784 nte
1200 1735 1304 1783 omuino

215 1805 293 1868 plebe
308 1805 409 1869 quidum
427 1806 504 1855 etlam
523 1821 574 1856 rins
585 1807 686 1870 judicis
697 1823 740 1855 ex·
778 1809 1033 1872 necessarieque,
1046 1808 1121 1858 rrtslt
1134 1810 1169 1856 ibi
1183 1809 1245 1868 ilio,
1260 1823 1306 1857 nu·

217 1879 359 1930 eruebant)
397 1881 468 1932 Quos
485 1883 539 1930 ‘ex
564 1883 657 1944 plebe'
679 1883 742 1945 Dio,
779 1898 862 1934 ruerus
882 1887 930 1932 reis
948 1882 1145 1944 ntroinrsupirur
1167 1898 1218 1932 non
1244 1885 1307 1947 legi·

216 1963 305 2006 noster
317 1959 365 2006 lroc
381 1957 437 2006 loco
457 1958 605 2007 ‘Tribunos
622 1957 741 2008 sersrios'
780 1961 850 2016 time,
859 1959 905 2008 sed
918 1972 949 2008 eo
961 1958 1049 2021 modo,
1068 1973 1118 2023 quo
1129 1960 1156 2007 in
1176 1958 1307 2010 seditioni·

217 2032 341 2095 appellet.
356 2033 432 2080 Burs.
779 2034 827 2084 bus
845 2035 902 2083 lieri
922 2035 1028 2092 essolet,
1047 2033 1072 2082 in
1096 2035 1245 2083 immensum
1265 2049 1309 2084 ex-

249 2108 365 2157 iiibuuns
374 2108 483 2171 muns]
494 2106 621 2157 'l'ribnnos
631 2106 743 2164 senarios,
779 2117 906 2159 creuerst.
920 2109 977 2158 uide
994 2109 1108 2172 Lipsium
1127 2110 1145 2157 l.
1158 2123 1176 2157 r.
1189 2110 1273 2158 Elect.
1284 2125 1308 2159 c.

217 2182 473 2248 ordinemqueudsrn
489 2183 742 2248 sppsretioisseeo·
779 2189 803 2233 8.
825 2183 869 2233 lib.
892 2198 923 2234 rr.
946 2183 979 2232 ds
1000 2185 1105 2247 rnsgnit.
1129 2185 1202 2233 Rom.
1222 2198 1246 2234 c.
1267 2189 1307 2232 to.

218 2274 282 2321 runt,
291 2261 392 2325 quibus,
403 2269 431 2310 ut
443 2261 479 2309 ait
489 2259 744 2317 Vsrr0.‘surtburs
782 2259 856 2307 Bern-
897 2259 948 2306 Neo
969 2254 1043 2318 nors]
1069 2258 1123 2306 Per
1142 2271 1260 2306 censores
1277 2247 1306 2306 el

218 2341 276 2384 esst
295 2337 414 2398 pecunie,
429 2343 467 2384 ·nt
487 2337 561 2385 militi
588 2333 744 2384 redderent!
781 2333 896 2397 publicos
912 2333 1019 2382 scribes.
1038 2333 1112 2382 idem.
1144 2333 1206 2382 Loco
1222 2332 1305 2396 solito]

219 2410 254 2459 Et
265 2418 336 2459 certe
347 2411 372 2458 iu
385 2411 485 2460 tslrulss
504 2411 639 2474 pecunisrn
660 2410 743 2474 publi·
780 2409 812 2458 ln
819 2409 917 2471 Campo
929 2408 1034 2457 Martio.
1051 2408 1125 2456 idem.
1156 2407 1308 2470 Viootirnper

219 2497 276 2533 cem
287 2483 423 2541 retereuni,
436 2485 578 2536 eroestoris
596 2499 687 2534 rnunns
703 2484 744 2533 fu·
780 2484 885 2532 domim
899 2481 1041 2544 hubam]
1059 2482 1117 2531 Hoc
1135 2489 1185 2543 est,
1204 2496 1250 2545 per
1271 2483 1307 2530 lo-

218 2561 277 2621 isse,
297 2561 435 2609 multorum
461 2561 614 2610 testimoniis
642 2560 744 2623 planum
782 2561 1017 2626 cstores,qulsues
1035 2559 1306 2609 siredomossiuein-

219 2633 275 2683 fieri
299 2641 395 2696 posset.
423 2648 456 2682 ex
476 2651 527 2699 qno
543 2636 651 2696 intelllgi
673 2636 745 2696 iicet,
782 2639 850 2686 sulas
871 2639 959 2700 egenis
979 2639 1104 2686 locarent.
1125 2637 1151 2685 in
1173 2650 1201 2685 re
1224 2637 1305 2685 reteri

220 2711 369 2761 Questores
385 2722 486 2759 cursore
508 2711 653 2772 pecuniam,
670 2723 745 2773 quem
783 2719 889 2776 usurpat
907 2712 1068 2775 Tranquillus
1084 2711 1204 2774 loquendi
1227 2725 1306 2772 genus

219 2785 245 2834 in
258 2785 376 2834 erarium
393 2783 531 2833 inferrent:
547 2784 672 2833 Tribunos
682 2798 745 2832 rere·
783 2801 883 2837 recens.
900 2785 972 2834 Anto
981 2787 1110 2834 Neronem
1118 2787 1203 2846 plures
1211 2786 1235 2835 in
1244 2787 1306 2836 urbe

221 2861 286 2914 sios,·
298 2875 372 2924 quern
388 2873 421 2908 etr
440 2861 532 2909 aersrio
549 2867 656 2908 sunrtstu
668 2860 746 2911 Qum·
783 2851 960 2921 domusqusnr
977 2858 1084 2907 insultes
1102 2866 1160 2918 post
1176 2860 1307 2908 Neronum

222 2935 285 2982 stori
315 2934 487 2989 Proconsulis,
514 2940 592 2995 etque
620 2933 747 2982 exercitui
784 2931 1091 2986 coutnsrinmiuit,utex
1107 2931 1307 2982 Tscltonotunr.

221 3009 333 3058 menime
344 3016 490 3068 erogarent.
502 3006 571 3055 unde
581 3007 672 3056 Cicero
683 3007 748 3055 Pro·
783 3007 849 3058 inde
869 3014 1004 3070 eruperunt
1024 3005 1197 3068 appellatione
1219 3007 1308 3056 insulae

222 3098 276 3136 cos.
288 3084 351 3133 illud
363 3083 465 3144 scripsit
473 3085 505 3131 sd
518 3082 651 3132 Cenininut
661 3099 668 3132 ι
680 3082 748 3132 ιΡο·
785 3080 882 3147 quossis
899 3080 968 3130 odes
989 3080 1111 3129 locatitias
1133 3079 1257 3143 intelligi:
1282 3088 1310 3130 ct

223 3160 310 3217 cunis,
320 3172 376 3224 qut
386 3157 747 3219 niuissrnbutsesusonae·
785 3171 833 3222 per
846 3158 854 3185 ⁴
866 3156 981 3206 dominos
998 3153 1153 3204 insulsrum'
1172 3169 1258 3203 omnes
1272 3157 1310 3204 io-

223 3243 292 3285 store
303 3233 426 3284 curatur!
446 3235 576 3283 Tribunos
587 3243 671 3282 sntsnr
683 3247 748 3282 ers·
785 3227 895 3285 cstores'.
911 3231 1097 3282 Siclnsulsrins
1105 3233 1250 3281 nominatus
1260 3247 1313 3281 rer·

224 3307 748 3374 riossptebefnisse,texAnnettsosten·
785 3323 833 3358 vos
857 3307 994 3370 llsgitstor,
1022 3308 1170 3370 pensionum
1198 3317 1311 3357 cunctor.

224 3386 331 3450 dinque
350 3385 536 3434 communiente
548 3381 647 3446 judicis
662 3380 750 3430 fenrn·
787 3385 962 3435 Glossarium:
992 3381 1149 3443 iniustior,
1176 3384 1309 3433 insubrius.

224 3469 267 3511 tur
278 3462 346 3510 inter
357 3469 409 3510 tres
424 3459 537 3519 ordines,
552 3457 699 3517 Senatores,
715 3457 748 3504 E·
787 3459 871 3508 ldetn.
904 3461 953 3508 Per
973 3461 1078 3508 dominos
1098 3458 1238 3520 imulunnn]
1260 3461 1312 3508 Do·

225 3537 311 3603 quites
334 3537 408 3584 Rom.
431 3541 459 3581 et
484 3533 611 3580 Tribunos
637 3531 749 3581 tersrlou·
787 3534 868 3584 minos
889 3535 1027 3583 insularum
1053 3541 1202 3595 musteus,
1222 3533 1263 3596 qui
1286 3537 1312 3582 iu

225 3629 299 3678 quos,
329 3628 386 3663 curn
412 3613 479 3659 liutto
505 3610 658 3673 explicaret,
690 3623 749 3672 por·
787 3609 852 3658 urbs
869 3609 952 3658 Rotns
970 3609 1058 3658 domos
1074 3609 1204 3658 hebebant
1215 3609 1247 3658 sb
1258 3611 1313 3658 eliis

226 3690 315 3753 spicue
336 3701 352 3736 e
375 3687 451 3751 plebe
477 3683 556 3734 fuisse
580 3684 633 3732 Dio
652 3685 751 3734 scribit.
787 3685 1315 3762 sepsretss,dis5rstusque:namtsicsin·

225 3766 312 3826 signs.
429 3777 433 3786 ·
789 3759 852 3807 suloe
865 3759 1036 3807 nominentur.
1053 3757 1118 3806 lude
1130 3757 1219 3806 scribit
1236 3758 1313 3818 Sper-

257 3841 389 3888 Romen
397 3836 485 3899 popuii,
496 3851 539 3884 nec
555 3849 627 3894 inore,
643 3849 685 3883 uec
703 3837 752 3884 loeo
788 3834 1023 3893 lienus,trecentss
1039 3833 1206 3896 quadraginta
1219 3831 1313 3878 insutus

226 3916 305 3972 solito,
323 3915 364 3963 sed
381 3912 478 3960 sirudis
494 3925 535 3974 per
551 3911 750 3960 dominosissulo·
789 3911 850 3959 olirn
857 3905 1315 3968 Romusincendioabsumptssfuisse.

227 4006 281 4040 rurs
291 3989 354 4052 egit]
372 3991 455 4038 Locrus
469 3978 560 4037 solitus
579 3987 629 4034 fuit
646 3999 752 4049 campus
790 3987 831 4036 De
846 3983 935 4033 insulis
953 3984 979 4031 in
998 3983 1046 4030 boc
1063 3980 1207 4044 significatu
1223 3979 1314 4027 crebre

229 4067 349 4125 Mettius,
360 4073 386 4113 et
399 4077 455 4127 quus
467 4063 493 4112 in
504 4076 535 4110 eo
546 4069 603 4111 esst
614 4062 674 4110 vilis
689 4062 753 4124 pub·
791 4059 887 4108 mentio
904 4065 945 4107 est
962 4057 1031 4118 spud
1050 4054 1263 4113 iurisconsultus,
1286 4058 1313 4101 et

227 4139 287 4188 lice.
304 4139 461 4189 Morssolito
471 4135 752 4202 percensuisset-pub·
791 4134 944 4185 Historicos.
958 4133 1071 4182 Beroald.

208 4208 396 4263 'licosscribss
409 4212 638 4276 respersgsbstnr.
666 4213 753 4263 Quare
825 4210 976 4258 Frumentum
994 4201 1169 4268 recipientium]
1192 4203 1315 4252 annren·
1393 4237 1395 4240 -

230 4283 753 4351 meiito‘rssensnm'sppettsr,noncen'·
795 4285 860 4335 tstio
886 4285 930 4335 illu
957 4295 1042 4332 annun
1068 4278 1189 4344 Reipubl.
1211 4279 1317 4330 circiter

294 4369 382 4431 Dstpu.
392 4375 416 4419 et
432 4369 489 4419 Vsu.
500 4369 565 4418 Cius.
730 4365 826 4416 Sunion.
1196 4362 1211 4408 l
1230 4359 1254 4409 N
