3236 4902
199 359 201 362 ’
300 357 385 425 1238
649 371 756 420 uorat
782 368 982 418 romonum
1008 367 1047 416 ru

300 522 419 566 auctores
438 513 612 563 diversitates·
639 512 724 563 Quam
745 511 826 560 multa
896 509 1012 557 Cumano
1029 506 1116 555 medico
1132 509 1156 554 ei
1172 504 1389 556 cahkalrriirdtte·

299 592 368 640 enim
391 589 546 638 Plutarchus
575 588 652 636 aliter
677 595 756 650 alque
783 587 825 634 hio
862 580 1319 647 lm1tiuadameoir.eamanoaam.
1332 580 1389 629 Pri·

299 664 402 716 urrrati
418 665 458 712 rel
469 664 537 713 huuc
549 664 631 713 locum
650 662 727 712 vide:
746 661 826 710 mulla
862 672 919 707 mua
926 655 1088 706 Robertellua
1097 662 1186 704 auctor
1195 655 1323 702 mutanda
1334 655 1389 702 vul·

299 741 417 790 diversa:
435 739 583 789 occasione·
601 739 660 787 dico
681 751 776 792 rerum,
799 743 826 785 et
862 741 928 796 gat·
951 730 1072 780 leotiouia
1094 727 1160 777 fuit:
1179 729 1347 778 Plutarchum
1361 741 1388 777 e·

298 813 456 879 riarplroir
470 813 578 879 χρόνους.
598 814 699 863 Comei.
862 813 914 860 nim
930 809 1002 871 pluer
1020 809 1087 857 huuc
1106 820 1217 855 uocare:
1235 807 1318 870 neque
1330 819 1386 854 erae

337 891 463 954 Apollonio
483 891 596 950 Maionia,
621 887 752 946 olarinhuo,
769 892 826 936 iano
862 885 1011 946 verisimile,
1023 884 1069 932 ulli
1087 882 1186 932 medico
1197 881 1306 946 (quippe
1319 883 1388 932 cerri

297 965 527 1028 diceadimugirtro]
541 965 601 1013 Non
613 963 667 1012 heri
678 969 722 1011 aut
734 961 825 1011 nudiur
861 961 911 1009 illia
927 958 1086 1023 temporibus
1106 970 1161 1006 eam
1183 965 1266 1005 artem
1283 971 1387 1008 exerce,-

298 1043 392 1090 terliua
412 1041 504 1089 iurarit
520 1040 645 1089 hominum
665 1046 765 1086 menter
785 1038 825 1086 hic
862 1036 924 1086 baut
943 1034 1113 1097 Romaeieum
1130 1034 1250 1082 honorem
1263 1033 1387 1094 habitum,

298 1128 379 1177 error,
396 1129 446 1177 quo
462 1114 526 1162 drroa
546 1115 700 1162 clariaaluroa
720 1111 825 1160 dicendi
861 1121 890 1164 ιιι
907 1114 975 1163 inter
986 1113 1081 1160 amicor
1100 1110 1210 1159 Cetaria
1228 1116 1388 1158 censeretur.

297 1191 434 1251 magistros
452 1186 641 1236 confuderunt:
659 1186 824 1248 Apollonium
862 1187 976 1236 Primum
994 1184 1057 1234 illud
1074 1183 1175 1244 falsum,
1190 1198 1279 1233 omues
1297 1183 1385 1233 Romae

298 1265 356 1314 dico
373 1263 495 1325 Molonis,
512 1263 593 1326 quiet
610 1260 825 1322 ammiramur,
862 1271 915 1311 tum
938 1261 1090 1311 medicinam
1119 1258 1272 1322 prolitentea
1298 1259 1386 1308 aerior

300 1345 327 1387 et
348 1339 496 1388 Molonem:
515 1336 549 1386 de
571 1337 663 1399 quibua
682 1345 733 1385 tam
754 1337 825 1384 clara
861 1335 955 1388 suinae:
974 1337 1047 1385 rualli
1059 1335 1126 1385 euim
1138 1335 1297 1384 excellenter
1314 1335 1339 1383 in
1355 1348 1387 1384 ea

296 1413 429 1464 Strabonia
455 1413 542 1466 rotha,
572 1414 615 1473 qui
644 1409 694 1461 fuit
723 1411 824 1458 illorum
860 1411 1080 1468 actaeonem
1102 1419 1173 1459 trrra
1195 1411 1386 1474 illuoqnnatur

297 1487 414 1551 aequalia,
429 1492 457 1536 ιιι
470 1485 546 1536 mlrar
565 1483 696 1534 offendere
715 1484 740 1533 iu
752 1492 824 1534 tanta
860 1489 899 1537 aui
918 1503 1017 1543 cauma.
1042 1488 1137 1550 partim
1157 1487 1271 1549 ingenui,
1290 1487 1384 1551 partim

296 1563 354 1612 lnce
366 1575 518 1626 quemquam
531 1563 656 1625 pululare.
666 1561 742 1609 idem.
769 1560 824 1608 Mo-
860 1577 936 1612 mauu
957 1561 1057 1626 pridem
1076 1562 1170 1624 amital,
1188 1563 1295 1612 itabant.
1327 1563 1386 1612 aar·

296 1636 368 1701 iouia]
393 1638 457 1689 Scil.
478 1637 541 1699 filio,
561 1649 631 1684 more
654 1634 763 1684 Graco:
787 1635 824 1684 ric
859 1638 1385 1702 aiarlmumrero,medicorumaguatlbua

296 1715 365 1764 euim
382 1713 518 1778 legendum
535 1727 601 1774 erae,
616 1726 667 1760 uon
684 1718 779 1772 autem,
795 1716 824 1759 ιιι
860 1714 982 1764 Romania
1004 1715 1073 1764 inter
1093 1714 1188 1764 aminon
1205 1728 1255 1763 uon
1275 1714 1385 1776 habitor,

296 1789 351 1850 alli,
365 1788 490 1851 Apollonio
501 1788 601 1849 Moloni,
613 1787 668 1851 jam
681 1785 823 1848 pridemex
859 1804 944 1854 neque
966 1804 997 1840 eo
1021 1789 1097 1840 titulo
1119 1789 1249 1853 dignator·
1279 1790 1386 1840 ‘l'acitna

295 1863 437 1913 Plutarcho
454 1863 541 1912 docuit
559 1861 602 1912 Jo.
621 1863 740 1924 Baptiata
760 1861 823 1911 Pina
859 1862 997 1913 Annalium
1014 1865 1059 1913 llo.
1078 1878 1117 1914 ιν.
1134 1865 1264 1914 ‘sumitur
1283 1865 1308 1913 iu
1324 1879 1385 1914 con-

295 1945 382 1987 aunot.
403 1939 485 2001 prior.
506 1952 565 2001 cap.
575 1943 600 1986 8.
620 1937 750 1986 Proeelare
762 1951 822 1986 rero
858 1940 991 1990 aoirutiaru
1004 1939 1133 1989 Eudemus
1145 1941 1250 1996 amirae,
1263 1953 1293 1989 ae
1304 1940 1385 1990 medi-

296 2014 394 2076 catur,
405 2012 474 2077 quod
485 2013 533 2061 hac
541 2015 670 2063 etate‘ae
678 2011 751 2062 dedit
763 2025 821 2059 eru·
857 2029 902 2064 ono
913 2015 1012 2065 Lirin!
1034 2017 1136 2066 Seneca
1147 2015 1180 2064 de
1191 2015 1328 2066 Beneficiis
1339 2015 1386 2066 lih.

296 2088 418 2139 dieudum
435 2089 465 2137 iia
486 2088 591 2150 artibus,
610 2087 701 2152 quibua
721 2087 822 2150 ingenia
858 2105 897 2142 rr.
915 2093 1028 2144 ‘Quare
1053 2091 1155 2140 medico
1179 2099 1206 2140 et
1228 2091 1384 2155 pmceplori

296 2164 440 2226 adunaque
458 2161 569 2212 fortuna
589 2164 686 2211 cultum
705 2162 819 2211 eacitan·
859 2168 917 2229 plaa
934 2167 1055 2231 quiddam
1077 2167 1169 2228 debeo,
1189 2181 1237 2217 nec
1259 2168 1384 2216 adreraua

296 2237 358 2287 tur!
376 2239 451 2288 Beru-
859 2242 916 2292 illor
937 2243 1056 2291 mercede
1074 2241 1222 2306 defungor?
1262 2243 1330 2294 Quia
1348 2256 1382 2292 ex

302 2345 305 2354 ·
330 2313 402 2364 Circo
423 2313 616 2377 Plarmoeaaour]
634 2313 684 2360 Vel
704 2311 819 2361 Pluma·
858 2317 959 2366 medico
980 2324 1008 2368 et
1030 2327 1194 2381 preceptore
1220 2318 1247 2367 in
1273 2318 1382 2369 uminum

293 2402 349 2436 cara
371 2388 544 2447 aoriheudum‚
569 2388 609 2434 rel
630 2388 820 2449 Phoroneum,
859 2391 1010 2442 tranaeuut!
1027 2393 1128 2442 Coraci.

293 2470 323 2512 nt
336 2463 472 2510 Prinoeaan
484 2461 551 2524 apud
563 2461 684 2512 Plinium.
711 2461 819 2525 stepha·
859 2475 867 2512 ⁸.
883 2468 930 2516 *Aa
938 2468 1095 2531 expediendas
1102 2468 1220 2532 proauiae,
1231 2469 1312 2533 quito
1322 2469 1383 2520 redi·

294 2551 342 2586 not
351 2538 415 2600 volt,
428 2536 613 2587 Pharmacum
621 2537 745 2598 appellari
757 2536 819 2586 duaa
856 2545 967 2604 marlae,
978 2543 1113 2607 dimiterul]
1124 2545 1223 2608 Supple
1235 2558 1268 2594 ex
1282 2544 1383 2594 Pium.

293 2612 394 2674 ἰῐιιιιΙιι,
412 2625 469 2675 quie
490 2618 549 2660 inni
567 2611 599 2660 id
610 2611 762 2660 Sfliflmiiiim
781 2613 820 2682 ip·
857 2617 915 2680 olto,
925 2617 1001 2667 alium
1013 2619 1038 2667 in
1053 2619 1128 2668 aliam
1140 2619 1230 2667 uicinae
1243 2619 1382 2682 proriuciia

293 2690 374 2738 aniam
381 2696 442 2738 aule
450 2687 564 2738 Atticum
573 2687 655 2736 littura.
666 2688 819 2738 Pharmaou·
857 2691 927 2743 Aiiae
938 2693 1056 2744 urbium:
1074 2708 1123 2742 non
1139 2695 1208 2743 enim
1226 2709 1272 2743 ω.
1283 2693 1382 2743 pedem.

293 2778 348 2814 ram
360 2765 505 2814 vercellum
517 2778 574 2813 eane
586 2763 690 2814 iurulam
703 2764 734 2814 ad
747 2765 820 2814 littae
857 2769 1081 2832 irrumpendum,
1097 2768 1142 2818 red
1158 2769 1166 2795 ⁴
1178 2767 1282 2831 publica
1292 2770 1382 2818 cirita·

293 2841 435 2892 Asiaticam
445 2841 660 2905 aoprrMileturn.
676 2842 773 2891 Dehoc
783 2843 820 2890 lo·
858 2843 929 2906 tum,'
945 2844 981 2894 ait
999 2845 1122 2895 Velleiua.
1155 2843 1228 2893 ldem
1245 2842 1342 2894 tactum
1355 2845 1382 2894 iu

293 2920 380 2982 quitur
392 2907 528 2968 Suetinim
539 2918 587 2967 hic.
609 2917 696 2968 Hodie
708 2917 820 2968 Parmam
857 2919 972 2984 plurihur
982 2919 1111 2984 Romanii,
1119 2919 1163 2985 qui
1174 2920 1217 2970 illa
1227 2927 1382 2984 tempeatate

292 3003 415 3060 corrupte
425 2997 526 3046 dicitur.
544 2994 644 3044 Catual-
857 2996 883 3044 in
895 2996 1034 3059 piratarum
1044 3010 1133 3045 manua
1142 2995 1294 3045 inciderunt·
1327 2997 1383 3046 No·

325 3074 461 3137 Muciique
479 3074 543 3136 opad
557 3087 595 3122 eor
614 3072 820 3122 rotumum
857 3077 911 3121 tum
923 3068 1257 3134 deP.Clodio‚qaioaptur
1266 3070 1380 3120 mititad

290 3148 465 3210 indignatione]
479 3147 697 3208 Legodiguotiorra.
710 3143 741 3193 Id
751 3147 818 3193 enirn
857 3143 1026 3192 Ptolemaeum
1037 3143 1118 3206 cypri
1131 3157 1217 3208 regern
1229 3145 1260 3194 ad
1274 3145 1382 3209 capedi-

291 3221 380 3272 dicere
396 3223 486 3282 voluit,
504 3218 572 3283 quod
587 3218 818 3268 Velleiurhirrer·
856 3218 923 3268 enda
943 3220 1020 3282 lytra.
1057 3218 1153 3268 stralo
1173 3231 1232 3282 xlv.
1264 3221 1317 3270 Dio
1336 3221 1382 3272 lib.

290 3298 345 3348 hir:
364 3297 424 3347 ‘lta
435 3311 463 3346 re
474 3295 541 3358 apud
554 3309 598 3344 eor
609 3295 700 3357 garait,
712 3301 740 3342 ιιι
751 3295 818 3356 prri-
856 3306 976 3344 xxxvrrr.
1008 3293 1084 3345 Quod
1096 3294 1174 3358 igitar
1183 3296 1268 3346 Caeaar
1280 3295 1382 3360 predo-

291 3374 374 3423 tariia
394 3372 487 3422 terrori
501 3369 714 3432 venerationique
726 3367 817 3419 earet!
856 3369 930 3419 nihur
951 3382 997 3420 ar.
1017 3371 1118 3420 talenta
1137 3371 1382 3434 portoluutihuasa.

292 3445 417 3511 Alioquin
438 3447 504 3496 tueri
527 3448 656 3509 vulgatam
680 3447 818 3497 lectionem
855 3455 948 3510 oporte
970 3460 1015 3495 rua
1037 3447 1140 3504 obtulit,
1167 3461 1216 3496 non
1239 3447 1381 3498 liberalitas

290 3529 467 3587 portemua‚ot
475 3523 610 3586 indignatio
618 3522 761 3585 accipiatur
769 3540 818 3572 aar·
855 3521 911 3572 hac
922 3522 979 3585 suit,
996 3522 1041 3570 aed
1060 3536 1158 3572 aramma
1168 3523 1324 3573 confidentia
1343 3525 1381 3572 ci·

290 3599 418 3659 mperes,
428 3595 470 3660 (ιιι
481 3597 561 3646 multa
573 3598 598 3645 io
611 3597 658 3646 hoo
669 3596 819 3661 roriptore‚)
856 3598 893 3645 ria
909 3596 1032 3661 ὰγφόχου
1047 3597 1171 3654 rooiorurn
1183 3597 1215 3649 P.
1227 3599 1258 3648 R.
1272 3596 1380 3648 fortunia

290 3671 339 3721 hoc
349 3679 400 3734 ert,
408 3671 567 3734 immoror,
584 3685 634 3720 nou
646 3678 674 3721 ut
686 3671 720 3721 rit
731 3670 818 3734 ἀγινέ-
855 3671 1010 3722 inrultautia.
1028 3673 1102 3722 idem.

292 3763 385 3808 arquis,
395 3762 451 3812 quar
462 3756 502 3797 rat
510 3749 604 3796 naitata
616 3747 673 3810 ejua
685 3748 756 3798 rocio
767 3749 818 3811 aig·
890 3745 1082 3817 Quinquaginta]
1106 3747 1156 3794 'l'ot
1166 3746 1232 3798 enim
1244 3744 1381 3807 adunatim

289 3821 420 3872 nificatio:
444 3821 490 3871 aad
511 3821 553 3870 oda
574 3819 674 3884 dilecta,
699 3821 816 3884 καταφρά-
855 3821 959 3882 obtalit,
973 3823 1022 3870 illia
1033 3835 1083 3870 noo
1095 3821 1142 3870 uiri
1153 3833 1201 3872 xx.
1214 3823 1311 3872 talenta
1323 3838 1380 3886 por·

289 3906 525 3960 merqconterutua.
544 3899 817 3962 Placettamanmaglr
855 3897 1003 3948 inlautihua.
1022 3897 1096 3946 Berua.

290 3975 361 4038 prior
378 3973 535 4035 emendatio,
551 3987 627 4038 quam
644 3973 735 4022 Fulrio
755 3965 817 4038 quo·
888 3973 968 4022 Cium
975 3971 1087 4034 deductu]
1097 3972 1138 4020 Ex
1148 3979 1225 4035 portu
1235 3971 1379 4030 Miletiaco.

289 4063 339 4112 quo
357 4050 450 4099 Urrino
473 4049 572 4098 vaniore
589 4049 620 4096 in
641 4057 763 4112 urentem,
782 4063 815 4098 ex
854 4053 921 4098 lette
933 4047 1066 4098 Plutarch.
1078 4047 1103 4096 in
1115 4047 1181 4096 Cart.
1198 4047 1273 4096 Idem.

289 4127 344 4187 ejur
367 4126 435 4176 notia
452 4125 539 4175 didici.
557 4125 632 4175 idem.
667 4124 753 4180 Porta,
769 4140 816 4176 aaa
884 4121 1016 4188 Supplicia]
1032 4123 1137 4171 Merito.
1170 4123 1378 4174 Nam‘latronea

291 4198 611 4264 uirirarrrroiudiarratiorr.
621 4199 653 4251 P.
661 4199 815 4254 Scureriaa.
853 4207 931 4266 atque
942 4201 1036 4265 pirata.-
1048 4199 1192 4250 mortalium
1203 4199 1313 4250 omnium
1322 4199 1378 4250 hoa·
