3196 4890
264 285 350 352 148⁰
583 287 720 350 'nuru
745 298 946 348 vaurouuu
973 297 1012 347 ru

266 436 371 490 usundi·¹
389 439 490 488 cranao.
833 439 934 504 phistis.
968 443 1009 491 De
1039 439 1134 490 lalilsus
1166 440 1213 490 sil=
1234 441 1363 505 parasitus

300 519 382 568 Genus
398 519 454 566 citu
464 515 532 566 ciniis
544 517 668 566 admodum
678 514 795 579 isslitsit]
833 515 988 567 Plautinus:
1021 514 1106 566 ‘Turn
1134 516 1223 568 Greci
1254 517 1363 580 palliati,

268 593 358 644 Genus
377 592 448 648 sita,
464 607 610 657 quanquam
636 591 796 654 privatorum
834 587 1050 640 ...suffarcinati
1077 606 1135 642 curn
1159 591 1241 648 libris,
1259 599 1286 640 et
1304 604 1362 640 cum

267 669 410 732 proprium,
434 667 582 716 melioribus
613 675 700 716 tamen
728 667 797 715 iuter
834 667 1095 729 sporrulisrflerocld.
1112 666 1363 730 Gtoenanstiospud

265 745 396 808 principes
407 757 494 792 rerum
507 744 675 806 estimatum,
694 748 725 791 ιιι
743 740 797 792 An·
835 741 1110 805 plerasque'nutionos
1123 743 1245 794 sanitatis
1262 751 1291 792 et
1301 742 1364 792 leui·

264 825 352 882 gusto,
360 819 385 866 iu
398 819 452 883 ejus
462 820 518 869 sita
528 817 798 882 cap.ol.st'l'rajauo,
834 815 895 864 tatis
915 813 1016 865 iniaruis
1035 823 1100 867 erat.
1135 817 1206 867 Hinc
1225 816 1363 868 Graeculus

265 895 298 942 de
311 908 362 957 quo
371 894 488 944 Plinius:
502 894 572 942 ‘Par
580 892 705 947 ournibos,
714 899 741 941 et
749 892 798 941 huc
834 889 950 953 ineptum
971 891 1099 942 homiuem
1119 901 1147 942 et
1165 894 1308 942 sanitatum
1325 902 1364 940 aa·-

264 975 365 1019 tuntum
382 971 485 1020 catoris
506 970 598 1033 major,
620 983 671 1033 qno
691 955 799 1017 mulinu'
835 966 929 1016 seclanr
953 975 1034 1017 notat.
1066 969 1186 1020 Juvenal.
1206 969 1301 1031 Satyra
1321 982 1365 1018 ιιι.

265 1044 376 1094 Tacitus
394 1057 507 1110 quoque,
522 1046 612 1110 probri
630 1047 697 1106 vice,
708 1043 771 1093 illud
784 1058 800 1092 s
835 1043 987 1094 ‘Graculus
999 1045 1115 1095 esuriem
1128 1047 1153 1094 in
1170 1045 1365 1109 coeluur,jusse·

266 1121 363 1185 populo
376 1120 507 1183 iactatum
530 1119 662 1169 meminit:
692 1118 798 1182 ‘displi
835 1117 957 1182 ris‚ilsit.’
974 1121 1128 1184 Spartianus
1152 1119 1363 1172 Adrianor‘lrus

266 1211 326 1246 cere
344 1196 512 1260 regnantibus
531 1197 616 1245 civilia
630 1195 741 1245 filiorum
760 1193 798 1242 iu·
835 1194 964 1260 bututqne
983 1197 1122 1261 impensius
1143 1195 1244 1246 Grauis
1261 1195 1364 1252 studiis,

268 1271 361 1336 genia!
380 1271 510 1322 ¹Privatos
523 1273 591 1337 qtrod
602 1278 715 1337 spectat,
726 1283 798 1334 egre·
834 1269 938 1334 iugenio
949 1273 1007 1335 ejus
1018 1273 1055 1321 sic
1072 1272 1105 1320 ad
1122 1285 1154 1322 ea
1165 1271 1325 1327 declinante,
1335 1276 1365 1319 nt

264 1347 307 1411 gis
336 1346 440 1397 Tullius
463 1349 489 1396 iu
521 1348 659 1412 primo'de
683 1345 797 1396 Officiis:
835 1345 1364 1398 anonnullisGraculosdrcererur!As·

266 1421 537 1486 ‘Oportetprisstum
547 1424 799 1487 mquojetparicnru
835 1438 885 1488 qne
897 1425 963 1474 lrnnc
975 1431 1134 1474 contemtum
1146 1421 1273 1472 imminuti
1283 1421 1366 1471 nomi·
1414 1415 1418 1422 ’

267 1497 368 1548 ciuibus
378 1499 438 1562 jure
449 1501 537 1548 virere
549 1515 557 1548 z
570 1500 648 1548 talem
657 1499 751 1549 bonurn
763 1499 799 1548 ci·
836 1497 874 1548 nis
889 1505 1026 1548 servarunt
1042 1499 1075 1548 ad
1094 1496 1185 1548 ultima
1199 1510 1281 1561 usqua
1299 1503 1365 1546 tern-

267 1586 334 1622 veur·
346 1573 437 1623 diccrs'
453 1573 584 1624 solemus?
618 1573 655 1624 At
672 1573 799 1631 Tiberius.
836 1589 907 1639 pora.
927 1575 1053 1624 Boriiius.

269 1663 416 1712 quanquam
443 1649 617 1699 Tribunitiam
642 1655 799 1712 potestatem
869 1651 901 1699 Is
911 1651 1053 1714 disponendo
1064 1649 1114 1714 dis]
1127 1649 1252 1700 dictemus
1261 1647 1365 1698 utilissi-

268 1723 382 1774 nondum
422 1725 596 1789 deposuisset,
636 1726 800 1776 nihilomiuus
837 1739 904 1775 rnurn
917 1727 1206 1791 moremrneqneeniru
1217 1725 1367 1776 alitartsm·

268 1813 351 1864 prope
361 1815 394 1850 ax
411 1815 485 1866 aequo
496 1809 586 1851 mutua
597 1815 655 1852 oum
673 1801 800 1853 Graeculis
837 1806 907 1869 poris
931 1805 997 1855 ratio
1017 1813 1137 1854 constans
1160 1810 1263 1868 potest:
1280 1801 1319 1852 sic
1340 1807 1368 1851 et

269 1874 355 1926 officis
367 1877 509 1941 usurpauit.
837 1881 905 1946 apud
919 1881 1024 1932 Graecos
1036 1881 1247 1944 diligentissimus
1258 1879 1367 1943 quisque

301 1955 509 2006 Sicelictors'uut
527 1954 629 2019 sutore]
646 1955 704 2004 viru
718 1961 799 2006 terro·
837 1965 866 2009 et
886 1957 1110 2022 prudentissimus.
1142 1957 1225 2006 Vetus
1252 1955 1367 2019 scriptor

269 2033 375 2096 ronique
388 2031 488 2095 imperii
507 2031 616 2080 Romani
628 2032 801 2082 ostendebant
838 2033 906 2098 apud
926 2034 1076 2083 Stobaeurn:
1111 2029 1257 2095 Ξενοκράτης
1276 2031 1367 2094 διαιρῶν

269 2107 385 2164 lictores.
403 2122 518 2172 scentes,
536 2106 636 2158 tusses:
653 2108 723 2172 ideo,
740 2124 798 2159 cunr
837 2108 1368 2174 isasroupiporsirsiruipss'slsspritlrsrrnj

269 2183 393 2247 adempto
405 2184 448 2232 illo
460 2193 540 2246 metu,
551 2184 715 2248 magistratus
727 2186 801 2250 quasi
839 2185 920 2251 sulsp?
928 2189 1007 2250 σιωπῇ
1018 2185 1086 2249 μέρος
1099 2184 1208 2244 dsdssps.
1242 2183 1367 2234 Sic‘dis·

270 2259 303 2309 ad
324 2260 419 2310 amicos
439 2274 518 2324 agere
537 2261 666 2319 solebant,
686 2275 801 2311 remoue·
839 2277 934 2326 ponere
945 2260 1065 2329 atalem'
1082 2262 1152 2324 apud
1163 2263 1286 2309 Senecam
1298 2259 1368 2322 epis·

268 2334 334 2384 bant
365 2337 476 2399 iusignia
509 2337 654 2400 potestatis.
693 2336 801 2387 Tacitus
838 2339 939 2387 tolsnr.
959 2335 1060 2384 Cssnui.
1095 2332 1302 2396 Dispouere‚lsic
1316 2338 1367 2394 sat,-

270 2409 341 2461 Anu.
353 2423 385 2459 rr.
402 2411 436 2460 de
452 2413 626 2460 Germanico:
642 2413 729 2460 ‘Hinc
740 2427 800 2461 ren·
838 2409 1019 2460 disidsrs'diei
1031 2421 1116 2458 curas.
1141 2408 1183 2457 lta
1194 2407 1369 2472 ‘disposuissa

270 2491 326 2535 tum
339 2485 464 2547 Athenas,
476 2483 619 2548 foederique
631 2483 707 2532 socias
720 2490 747 2532 et
759 2497 801 2532 us·
839 2495 914 2531 curas
926 2481 1043 2546 tmperii'
1061 2483 1177 2532 Silanum
1189 2481 1253 2532 dicit
1262 2483 1367 2534 Tacitus

271 2561 350 2610 tostis
373 2560 444 2611 urbis
466 2559 567 2622 datum,
587 2573 637 2608 uno
658 2566 688 2609 nt
709 2559 802 2609 lictors
839 2557 1206 2608 subinitinmteredunaur.
1224 2559 1370 2623 ‘Tempora

272 2637 407 2688 uteretur.'
451 2637 487 2686 Et
515 2635 608 2685 similia
631 2634 663 2684 ds
685 2634 802 2685 Antonio
840 2633 974 2697 dividere:
991 2635 1145 2697 darie-vit.
1164 2635 1288 2685 Boudoros.
1358 2671 1364 2682 .

272 2713 410 2778 Appianas
421 2713 467 2765 lib.
480 2727 519 2764 ιν.
531 2713 601 2774 ’Epo
620 2712 726 2774 Lipsius.
874 2709 995 2774 Quidquid
1012 2726 1130 2773 «sporus
1145 2711 1172 2760 is
1187 2711 1370 2768 civitatenses,

308 2789 441 2854 Gymnosiu
486 2789 605 2839 istsrdusr
642 2786 803 2850 conmortuus]
838 2786 971 2838 cisitorsss
988 2789 1058 2852 uelle]
1074 2790 1190 2840 Conritsu
1207 2804 1258 2839 non
1277 2789 1369 2840 abhor-

274 2864 402 2929 anlicia
424 2864 556 2928 amussis
578 2861 661 2927 suere,
686 2863 804 2927 corporis
841 2877 898 2912 rans
910 2879 925 2914 a
936 2864 1049 2914 moribus
1060 2865 1168 2917 liberii:
1182 2865 1369 2916 Velleiusnsr·

273 2939 504 2990 soiliostetsuini.
532 2938 804 2990 Commuulsonrnium
841 2945 881 2989 rat
893 2939 975 2989 similo
986 2942 1046 3005 quiri
1060 2941 1092 2990 de
1104 2942 1214 2992 eudem:
1240 2943 1369 2994 ‘Nemus

274 3018 465 3082 gymnasiorum
487 3017 559 3067 Dens
584 3025 626 3067 est
645 3017 803 3079 Mercurius,
841 3017 1066 3079 uobisgrsdnmse
1086 3025 1202 3068 nostrum
1214 3019 1259 3070 ant
1272 3021 1369 3083 pracei

236 3145 240 3151 ,
274 3099 328 3142 tam
340 3106 495 3158 eorumquae
508 3093 661 3156 animisunt‚
673 3105 804 3157 quasueo·
841 3092 963 3142 dentibus
981 3101 1026 3142 unt
1047 3093 1369 3155 aequantibusimbecillus
1405 3135 1407 3138 .

274 3183 331 3219 rum
351 3170 544 3234 quarcorporIs.
579 3169 697 3218 Minerua
718 3174 805 3216 autem
841 3167 902 3231 fuit,
924 3169 999 3231 cnjus
1022 3168 1092 3216 salns
1115 3173 1161 3216 snt
1182 3169 1295 3219 valitudo
1317 3183 1369 3219 nou

275 3245 412 3309 singularis
432 3255 461 3296 et
476 3246 582 3311 propris
598 3249 655 3294 erat
669 3242 803 3306 gymnasii,
841 3243 1235 3295 sustentaretnrcaesariscnrs:
1247 3251 1369 3310 tanquam

276 3319 345 3384 qnod
365 3321 544 3371 institueretur
562 3319 595 3368 sd
611 3319 708 3367 cultum
727 3317 805 3366 animi
842 3318 1055 3369 distramissinrus
1068 3319 1110 3368 illa
1122 3325 1252 3369 tantorum
1263 3335 1371 3373 onerum

277 3403 426 3460 santonuet
444 3397 476 3447 ad
492 3394 682 3460 disputationes
695 3404 805 3442 comnre·
842 3395 909 3447 mals
927 3394 1048 3445 holcani
1066 3397 1172 3459 negotio
1192 3403 1297 3448 vacsret
1316 3400 1369 3448 aui·

276 3474 484 3538 mutationesque
510 3473 542 3521 ds
563 3469 728 3535 philosophiae
751 3476 805 3520 stu·
842 3473 916 3522 snus!
950 3473 1109 3524 Quare'non
1129 3473 1211 3536 prolro
1233 3473 1379 3523 lectionem·

276 3547 335 3599 diis.
370 3549 444 3598 Unde
456 3549 549 3598 Cicero
565 3546 664 3612 scribit,
676 3545 685 3573 ‘
695 3545 804 3596 Herma·
842 3550 1002 3616 quorundam
1013 3549 1137 3598 librorum
1147 3549 1232 3598 doctis
1244 3551 1371 3600 nonnuliis

277 3623 394 3675 theuam'
408 3637 464 3674 sese
475 3625 500 3672 iu
513 3623 655 3674 Academia
666 3625 733 3675 villu
743 3625 805 3675 Tus·
843 3627 977 3691 probatam
1006 3641 1127 3689 morum,
1155 3631 1230 3690 quani
1253 3627 1280 3675 iu
1302 3627 1371 3678 nullo

278 3701 513 3767 corrumpuntur,
531 3700 620 3764 idest,
636 3703 661 3751 iu
677 3716 731 3751 uns
751 3701 805 3752 basi
842 3710 988 3752 nostrorum
1008 3702 1160 3765 reperimus.
1198 3703 1281 3751 Taceo
1301 3703 1371 3768 quod

276 3778 521 3842 signnmcomruone
530 3777 661 3828 Mercurio
669 3785 698 3828 et
707 3777 806 3827 Miner·
844 3779 950 3828 rerlrum
970 3775 1110 3827 ‘uisitare'
1135 3777 1167 3827 os
1186 3777 1257 3840 agris
1280 3793 1371 3842 parum

278 3869 327 3908 aa.
344 3858 446 3907 russeo.
480 3855 512 3905 In
525 3855 657 3920 gymnasio
669 3863 696 3904 st
708 3854 806 3906 Bacchi
844 3861 908 3918 apte
934 3853 1074 3902 diceretur.
1112 3855 1211 3904 cumsi-
1256 3855 1373 3906 Laudare

279 3932 395 3982 sacrario
407 3931 604 3998 pleraquedona
613 3931 726 3994 reposita
737 3936 807 3992 aunt,
844 3931 982 3980 multorum
1004 3929 1155 3992 Principum
1182 3930 1276 3993 pietas,
1301 3929 1371 3994 quod

244 4025 248 4032 ·
280 4011 354 4074 queis
381 4009 499 4073 Romani,
530 4017 557 4057 et
586 4023 661 4070 reges
684 4006 806 4056 Romanis
845 4005 1083 4071 egrotosriserint.
1116 4007 1160 4056 Sic
1171 4007 1239 4056 enim
1251 4005 1284 4056 de
1296 4006 1373 4055 Clan-

281 4081 434 4150 Gracisqne
445 4084 590 4150 cupientes,
610 4081 722 4133 lilrodios
734 4096 808 4132 eaor·
845 4083 888 4132 dio
901 4083 960 4141 Dio,
971 4082 1004 4130 de
1015 4075 1150 4131 Hidrlano
1164 4081 1327 4146 Spartianus,
1338 4079 1372 4130 de

281 4165 384 4208 narnnt.
400 4161 501 4212 Strabo.
845 4159 954 4223 'l'rsjano
965 4164 993 4205 et
1009 4157 1137 4209 Gratiano
1149 4156 1275 4208 Ausonius
1286 4156 1374 4208 Pans-

315 4235 377 4286 Cass
389 4236 517 4305 warato]
533 4237 704 4303 Philosophia,
722 4244 750 4289 et
768 4251 808 4289 so·
846 4233 945 4302 syrico.
963 4232 1072 4284 Turrani.
