3212 4914
292 403 379 478 luet
553 489 557 500 ¹
637 423 746 473 norm
771 421 973 471 vantonuu
999 421 1037 468 tu

293 565 429 622 adiuuari
442 567 524 617 inatar
540 565 630 618 ancelii
649 573 823 616 conatructam
862 565 914 629 apii
934 577 1042 616 coronae
1064 561 1192 626 aepuicria
1214 561 1392 626 imponebant.

291 648 377 698 adhuc
401 659 550 709 rupereaae,
576 644 671 707 insigni
693 644 824 708 aepulcro,
860 641 1008 706 Uudeapio
1020 639 1137 704 indigere
1156 639 1280 690 dicabant
1292 641 1393 704 eoaqui

293 737 387 787 magno
408 735 423 771 a·
442 723 650 771 Machumetnnia
671 720 768 770 honore
786 718 824 770 af·
862 719 1007 782 periculose
1042 715 1216 780 aguratum.
1260 715 1394 767 Plutarch.

292 798 372 861 fecto,
390 796 593 857 memorabilem,
613 809 663 860 quo
681 793 824 845 Alexandri
862 796 963 848 Queat.
974 792 1109 845 Conuiual.
1127 793 1237 842 domem.

291 875 379 937 magui
398 885 501 938 corpur,
518 871 609 922 nummi
629 871 772 934 Prophetae
794 883 825 920 ac
895 870 962 919 Nacu
976 875 1001 918 et
1019 869 1186 932 Ptolemaeum]
1214 869 1279 934 Lagi
1301 869 1394 932 tilium,

293 951 381 1013 Regia,
399 949 471 998 reiut
490 948 515 997 ln
528 947 659 998 Alcorano
673 948 774 1009 legunt,
786 961 824 995 aa·
861 944 1004 995 Alexandri
1019 945 1110 1008 Magni
1130 957 1317 996 aucceaaorem.
1353 945 1394 994 Li·

293 1021 581 1074 aeruaricouteudunt.'
598 1021 701 1072 Comei.
737 1020 825 1070 Condi·
863 1022 956 1072 beuter
978 1020 1136 1072 Plulmoedm
1161 1021 1278 1084 legerim,
1303 1022 1394 1072 ultima

292 1100 392 1164 loriam]
412 1101 466 1150 Per
477 1105 484 1128 ·
495 1097 685 1149 conditorium'
696 1097 737 1147 iric
749 1097 824 1146 intel·
863 1099 966 1164 syllaba
981 1096 1158 1159 circumflexa,
1174 1113 1222 1162 pro
1237 1100 1393 1150 Ptolemaeo·

292 1176 339 1241 ligi
352 1191 402 1226 non
414 1174 550 1225 strahouia
560 1171 698 1236 umidam,
715 1173 764 1222 lroc
776 1179 826 1236 eat,
863 1189 919 1224 rum
932 1189 941 1226 t
957 1175 1077 1239 requitur
1087 1173 1166 1236 euim,
1180 1175 1189 1202 ⁴
1202 1187 1289 1238 regem
1307 1175 1345 1224 ait
1365 1189 1392 1224 uc

294 1253 440 1308 circuitum,
459 1252 485 1300 iu
501 1248 826 1314 quorrgiaeernntaepul-
864 1251 974 1301 roluiarc
996 1249 1096 1313 uidere,
1115 1264 1167 1299 non
1190 1249 1320 1300 mortuoa.’
1360 1251 1394 1300 Et

293 1337 372 1392 turre,
387 1327 433 1378 aed
446 1327 547 1376 tirenum
558 1325 614 1375 aive
625 1325 825 1375 loculamentum
865 1326 960 1391 alioqui
971 1327 1011 1377 eic
1023 1325 1161 1389 legendum
1175 1339 1234 1376 erec
1254 1339 1287 1374 ex
1307 1327 1394 1375 Dione

292 1405 388 1468 iprum,
397 1411 549 1466 argumento
558 1407 607 1460 eat,
616 1401 683 1466 quod
694 1401 757 1449 illud
768 1411 825 1448 curn
864 1401 930 1451 libro
953 1415 1010 1452 xm.
1031 1409 1061 1451 et
1078 1400 1181 1451 Zonara
1202 1399 1394 1465 deprehendet.

294 1493 404 1544 corpore
416 1477 557 1527 Alexandri
567 1479 575 1507 ‘
585 1479 712 1540 prolatum
723 1491 737 1525 e
747 1489 827 1537 pene·
867 1477 975 1527 corono.

294 1554 369 1604 trali'
386 1553 576 1604 acribitautor.
610 1553 730 1602 Lucanae
744 1565 773 1602 x.
786 1555 826 1602 1⁹.
892 1551 948 1602 Non
958 1551 1396 1616 uomufftoteueoapuuruu-

291 1631 389 1696 ¹cimilia
401 1632 433 1680 dc
443 1631 547 1680 curare
557 1636 644 1691 patre.
652 1629 734 1678 Rern.
864 1641 940 1690 quam
952 1627 989 1676 ilii
1001 1641 1063 1676 tere
1074 1629 1169 1677 mortui
1178 1627 1211 1677 dc
1223 1641 1330 1692 qnorum
1343 1627 1397 1676 uita

329 1708 422 1756 Corona
432 1707 516 1770 curru]
535 1706 637 1755 Vereor
654 1719 688 1754 ne
704 1701 826 1769 quianon·
863 1709 892 1750 et
907 1700 980 1751 obito
993 1702 1090 1764 puriter
1101 1701 1202 1751 tiletur.
1234 1701 1309 1750 Talea
1321 1701 1395 1750 uiuri·

296 1784 393 1834 tenerit
405 1795 492 1848 reram
504 1782 617 1831 auctorit
629 1783 784 1844 scripturam
792 1793 828 1831 ex
864 1788 919 1826 rum
931 1775 1006 1828 furere
1023 1777 1171 1833 Ptolemaei,
1183 1777 1227 1841 qui
1237 1789 1326 1828 omuea
1337 1783 1396 1840 port

295 1859 390 1908 nostrie
406 1857 531 1920 moribus,
544 1856 636 1921 quibua
654 1869 764 1904 coronae
783 1869 827 1904 au·
864 1855 970 1904 tertium
989 1856 1056 1902 maie
1075 1853 1205 1910 vixerunt,
1221 1852 1320 1904 deliciis
1338 1867 1395 1902 cor·

296 1945 353 1984 reae
375 1933 480 1994 regibus
504 1933 655 1996 imponunt:
675 1930 745 1994 quod
765 1937 827 1980 tnnc
864 1931 951 1992 rupti:
964 1928 1396 1992 omniumueropeaeimaquartua‚

295 2007 421 2073 iemporie
448 2021 524 2056 aecua
553 2013 621 2056 erat.
661 2006 827 2069 Quapropter
864 2006 1322 2072 eteeptimua,etultimuaAuletee.

295 2084 374 2148 plane
395 2083 458 2132 milri
477 2083 623 2146 persuadeo
640 2079 721 2130 fuitne
742 2095 828 2130 corruo
896 2084 928 2132 ia
938 2081 1174 2146 pmoiacioesomrouu
1184 2080 1289 2144 redegit]
1301 2080 1395 2145 AEgyp·

296 2162 386 2210 laurea.
419 2159 473 2208 Cur
484 2158 551 2206 enim
571 2156 738 2206 coronaverit
748 2156 828 2206 Alex·
865 2165 907 2208 tna
931 2173 999 2208 nunc
1021 2157 1155 2222 provincia
1177 2165 1227 2220 cat,
1254 2165 1281 2206 ct
1298 2159 1396 2208 triburia

296 2231 829 2296 andrumAtrguatueiironoriu,pulosia·
865 2235 977 2284 maxime
989 2235 1091 2300 pendit,
1102 2241 1182 2298 atqua
1200 2233 1233 2283 ab
1250 2233 1395 2282 hominibus

297 2313 342 2361 tia.
376 2309 453 2363 Quod
465 2310 486 2358 ei
499 2308 573 2369 iecit,
590 2306 707 2368 utfecit,
725 2320 772 2356 cur
784 2321 828 2371 po·
865 2313 991 2366 modeauia
1008 2311 1214 2372 admiuietretur,
1229 2312 1271 2374 qui
1294 2311 1319 2359 in
1339 2325 1396 2360 aaut

297 2389 349 2436 tina
362 2399 463 2444 Aulum»
474 2384 543 2449 ‘iiim'
556 2389 583 2431 Ε*
601 2381 829 2445 59¹51³⁰m³¹¹15w
867 2391 1013 2438 mittuntur.
1047 2387 1098 2439 Qut
1114 2386 1237 2442 mittitur,
1254 2385 1320 2446 regia
1340 2386 1397 2436 ioco

296 2467 434 2524 penatores
452 2457 666 2520 aspernabantur,
680 2469 755 2519 quam
776 2456 829 2506 lau·
866 2471 915 2513 art.
949 2463 982 2512 Εἰ
1006 2462 1096 2511 eubeet
1114 2457 1270 2521 δικαιοδότης,
1299 2460 1324 2509 id
1348 2469 1398 2522 eat,

297 2547 364 2596 rum,
393 2545 470 2597 qnam
493 2538 629 2595 tantopere
656 2531 829 2589 attinebant.
860 2535 1035 2602 jurediceudo
1061 2533 1212 2599 praefectur,
1233 2535 1277 2599 qui
1295 2533 1398 2598 judicia

297 2607 477 2673 impoeniaeeti
511 2607 744 2656 Pretereaaureae
757 2621 829 2658 coro·
867 2611 1006 2662 exercendi
1027 2611 1152 2675 pleraque
1170 2617 1332 2675 potentatcm
1353 2611 1397 2660 ire·

296 2699 339 2734 na
350 2683 600 2743 irritamentorum
613 2695 663 2732 non
674 2681 742 2732 enim
756 2689 830 2747 pote·
866 2687 923 2738 bat.
955 2687 1020 2736 Tum
1032 2686 1097 2735 aliur
1109 2685 1169 2736 nme
1179 2683 1263 2748 λόγος,
1278 2685 1398 2736 nimirum

298 2769 341 2812 rat
353 2760 446 2811 tentari
461 2771 559 2822 regem,
573 2771 632 2808 cum
644 2759 687 2808 ilia
698 2771 774 2808 nemo
786 2771 829 2810 eo·
866 2763 910 2826 qui
923 2761 1066 2825 peculiarea
1083 2761 1198 2810 rationee
1215 2765 1300 2810 curat.
1332 2760 1359 2808 Ie
1371 2760 1397 2809 in

298 2849 354 2885 rntn
363 2841 493 2896 uteretur,
515 2831 560 2884 aed
572 2833 720 2883 diademate
735 2834 830 2896 potina,
866 2851 896 2886 ea
909 2837 1026 2901 inquirit,
1036 2835 1208 2902 quaeaeoraim
1220 2836 1253 2884 ad
1266 2836 1398 2886 cautem

299 2925 357 2977 qnae
369 2910 452 2961 sarcia
464 2918 540 2960 erute
558 2915 586 2958 at
601 2909 690 2959 laurae
706 2908 830 2973 loqueba·
867 2912 998 2963 recidunt.
1035 2911 1092 2962 Hor
1111 2911 1269 2962 comitantur
1287 2912 1399 2962 Cetaria

298 2994 342 3036 tur
353 2987 433 3037 fuiaee
445 2999 571 3036 nummum
584 2985 828 3049 imperatorem,eo·
865 2987 955 3038 liberti
966 2995 994 3037 et
1009 2987 1241 3038 admiuiatratorer.
1259 2987 1365 3039 Strabo.

298 3075 350 3128 que
361 3072 457 3113 corona
469 3061 514 3112 tali
526 3061 711 3126 uigutuiuuru.
729 3061 802 3120 idem.
903 3064 935 3113 Ut
941 3062 1086 3123 ferociorem
1095 3064 1214 3122 redderet,
1220 3063 1303 3122 soaaaa
1310 3079 1398 3128 amaro,

332 3137 444 3188 Floriiraa
460 3137 562 3200 caprum
579 3142 702 3186 omtaa
719 3136 766 3199 eat]
782 3135 831 3187 Jn·
866 3139 892 3188 ir
904 3153 962 3202 qaae
974 3139 1399 3203 Niluarmataot,irc.]1dcat,in.

299 3213 399 3261 tenaiia
411 3213 465 3260 Sat·
477 3223 541 3260 urar.
559 3210 611 3260 ‘Di
629 3211 756 3274 majorum
775 3225 829 3260 nuu-
868 3214 949 3263 nudat
961 3215 1131 3263 incremento.
1156 3213 1235 3263 Nilne
1246 3220 1344 3278 autem,
1355 3229 1398 3266 co·

298 3289 353 3338 brie
365 3295 468 3338 tenuem
481 3295 509 3336 et
520 3287 576 3336 aine
591 3287 707 3350 pondere
726 3295 830 3351 terram,
867 3291 920 3341 loni
933 3291 988 3340 rice
1000 3290 1120 3354 fungens,
1132 3291 1154 3340 ai
1165 3290 1301 3340 duodecim
1308 3291 1400 3342 curbita

299 3360 490 3425 spirantesque
501 3373 603 3424 crocoa,
620 3369 647 3412 et
659 3363 685 3410 iu
697 3373 762 3412 urna
772 3375 831 3426 per·
868 3381 920 3416 noo
931 3369 1055 3430 emersit,
1071 3366 1150 3417 iernen
1167 3375 1241 3418 certa
1257 3375 1307 3416 eat.
1340 3367 1398 3418 Neo

299 3435 832 3499 potuumrer,'dzo.etpulnirerrinreVir·
868 3444 951 3494 minua
972 3444 994 3492 ai
1018 3456 1077 3493 xut-
1098 3443 1273 3508 exauperauit.
1314 3444 1399 3495 Tanto

299 3511 376 3572 gilius
387 3525 421 3559 ex
433 3524 543 3575 perrona
552 3511 633 3575 ipalua
644 3511 756 3575 Augurii
766 3513 831 3564 libro
868 3519 936 3567 enim
957 3518 1057 3568 tardius
1075 3517 1191 3580 decedit,
1209 3525 1308 3585 quanto
1319 3519 1399 3569 abun·

299 3595 336 3636 tt.
352 3585 494 3636 ‘Manibur
506 3587 568 3637 data
588 3587 641 3637 lilia
653 3589 747 3653 plenia,
764 3591 830 3640 Pur·
869 3593 970 3642 dantiur
988 3593 1082 3652 crevit,
1101 3600 1130 3642 et
1151 3600 1295 3643 sementem
1317 3603 1399 3646 arcet.

300 3661 626 3726 pureoeapargamfloree'
658 3665 696 3716 Ut
713 3667 830 3717 omittam
869 3669 978 3720 Pliniua.
1012 3671 1054 3720 De
1064 3669 1120 3720 Nut
1131 3669 1284 3719 incrementi
1296 3671 1399 3734 quanti·

299 3739 418 3806 antiquar
450 3750 604 3790 marmorum
637 3740 831 3806 inacriptionet,
868 3752 934 3807 tata,
945 3760 1002 3811 que
1012 3743 1290 3795 aiiiaaubindaaecoiie
1299 3745 1400 3794 tenuior

299 3823 358 3881 quae
370 3815 554 3867 defunctorum
574 3829 651 3868 uruca
666 3820 732 3869 rotie
743 3819 830 3884 apnrgi
868 3821 939 3873 facta
950 3830 999 3884 eat,
1010 3823 1047 3873 ita
1058 3833 1168 3871 cenaco:
1187 3819 1257 3870 Olim
1273 3819 1331 3870 iore
1343 3823 1399 3871 nni·

299 3893 438 3955 ornarique
461 3891 598 3956 quotauuia
619 3906 651 3942 ex
674 3900 830 3945 tentamento
868 3898 928 3947 lam.
971 3899 1107 3962 Perpetua
1134 3909 1245 3961 namque
1269 3897 1398 3947 alluvione

294 3967 399 4030 jubent.
440 3967 499 4018 Qun
520 3966 685 4018 referendum
706 3969 769 4019 illud
789 3972 830 4020 Ti·
867 3975 972 4023 tandem
987 3972 1126 4038 aliqnando
1140 3969 1252 4020 fluminis
1265 3971 1398 4022 altitudini

299 4041 364 4092 itulll
376 4057 391 4092 e
402 4043 468 4093 libro
484 4057 516 4093 ιι.
536 4045 611 4108 Eieg.
621 4049 646 4094 4.
664 4045 671 4072 ‘
684 4045 772 4110 Atque
785 4048 830 4096 nii·
868 4049 982 4111 riparum
994 4051 1124 4112 margiuea
1136 4058 1264 4111 aequatura
1275 4049 1315 4097 irl.
1335 4049 1398 4097 Coa.

300 4119 464 4180 quiaaeulor,
480 4127 582 4170 veterea
604 4129 741 4172 ueneratur
760 4135 829 4172 amo·
866 4124 982 4188 Scaliger.
1246 4166 1251 4175 .

300 4195 828 4249 rea,Auuuaconetructoaertadebittu·
868 4203 871 4214 '
898 4201 1006 4252 Aurorae
1017 4201 1115 4266 arido]
1131 4201 1232 4250 Pliniue
1250 4202 1281 4250 in·
1296 4201 1396 4268 Paneg.

298 4270 386 4320 anulo·
412 4271 481 4322 Illud
494 4275 626 4338 peculiare
638 4273 750 4339 Gracia,
761 4277 828 4340 quod
865 4277 1075 4338 ‘Percrebuerat
1086 4275 1228 4342 antiquitus
1238 4277 1327 4326 urbem
1339 4291 1397 4329 noa·
