3234 4888
559 405 591 452 ο.
615 403 794 452 sneronrr
818 404 974 456 snorum.
1227 393 1315 458 1325

219 539 347 592 Torrentii
359 539 458 591 dnobus
470 541 535 592 Mes.
546 541 728 605 conspirebnnt
740 561 746 591 r
785 559 817 594 ee
831 559 915 595 sunno
926 547 1085 608 bimestrem,
1096 548 1135 598 eei
1147 549 1311 609 trimestrem,

219 616 282 666 idem
298 617 324 664 e'e
339 616 437 666 urium
469 616 568 679 esser,
577 618 662 682 inquit
673 620 748 668 Torr.
784 627 812 669 et
835 635 882 684 pro
904 623 1011 672 arbitrio
1030 622 1109 674 iecits
1130 639 1240 690 eumque
1259 642 1311 675 rne-

221 693 321 754 qoesio
338 693 493 755 triumuirum
508 692 628 749 dirueret,
643 697 747 744 eosdem
784 697 931 760 gietretum,
954 696 1054 763 quibus,
1078 699 1187 763 qnotier,
1209 708 1236 749 et
1260 717 1311 762 qno

221 775 248 818 et
260 767 284 816 in
295 768 393 818 curieus
403 767 509 818 duxisse
520 769 686 822 acerbissime
703 785 747 823 no·
785 773 844 822 enni
864 782 980 837 tempore
999 775 1036 824 itti
1056 776 1204 837 rstecoisset,
1214 785 1312 838 preter

221 845 301 891 iiiut·
784 849 811 898 Β.
823 849 853 898 C.
871 850 1011 915 populique
1029 849 1160 916 suffragiu,
1179 850 1241 900 dere
1261 867 1313 900 cee-

252 916 355 980 Breoss]
379 919 477 970 'fenice
494 919 623 971 Ostiorum
635 921 694 978 init,
704 924 746 972 coi
785 927 839 987 pit:
857 927 958 976 scilicet
970 935 998 976 nt
1015 927 1110 988 piures,
1122 927 1215 990 quibus
1227 927 1311 976 minis-

221 993 512 1056 ssgnusimpuuebetnr.
544 997 667 1046 Teretinam
685 997 748 1046 suis·
786 1001 1084 1052 trisinbeiiiscivtiibns
1103 1017 1162 1053 usus
1176 1001 1311 1063 irreret,eo

218 1075 388 1133 commetes
407 1083 447 1134 en,
464 1071 748 1135 qoodbreoeiedepo·
784 1091 903 1139 supreme
924 1078 1076 1141 megistretn
1098 1077 1239 1140 insigniret.
1271 1076 1311 1128 Ae

218 1144 285 1200 sitis,
296 1145 377 1194 letum
397 1145 496 1194 clerum
513 1145 668 1197 reinserunt.
700 1147 747 1198 Le·
785 1159 878 1216 quarto
903 1152 1007 1216 quidem
1030 1153 1163 1202 conrnieto
1185 1167 1231 1202 sno
1253 1167 1311 1203 enm

219 1229 260 1272 tue
281 1229 367 1270 entem
390 1223 479 1270 eterne
499 1223 585 1272 tunice
601 1231 746 1274 scottorum
784 1226 895 1291 seipsum
917 1227 1071 1288 enetessser,
1092 1227 1140 1276 sibi
1161 1225 1266 1278 suffecit
1285 1233 1313 1278 et

220 1296 573 1350 numerumnunerum
785 1301 818 1353 Q·
839 1302 946 1352 t'sotrrm
969 1303 1121 1363 Meeimnm,
1142 1316 1193 1364 quo
1214 1301 1248 1351 de
1269 1301 1322 1351 irie?

260 1373 381 1438 Sefferto]
419 1374 569 1437 destruente,
598 1377 747 1427 substituto.
785 1377 869 1425 sutori
900 1392 993 1434 sermo,
1025 1385 1053 1427 et
1089 1378 1119 1428 C.
1147 1377 1312 1426 Trebonium.

220 1449 297 1502 nere.
784 1451 855 1502 Hinc
872 1453 1066 1516 indignebrrnde
1084 1467 1133 1502 vox
1151 1453 1194 1502 ilie
1206 1454 1310 1516 pepntt:

254 1525 433 1589 Animadverti]
465 1525 661 1576 Animsdsersio
688 1542 748 1590 pro·
784 1528 866 1577 ‘Non
883 1543 940 1578 eene
958 1529 1094 1579 Couenlem
1113 1529 1201 1579 e'umz'
1216 1529 1312 1594 qnippe

219 1601 302 1664 prium
315 1601 652 1652 reiiiotorisererhuurest.
679 1605 747 1653 Con·
784 1601 972 1668 nonsniiregiie
990 1605 1157 1670 populeribne
1174 1606 1199 1653 in
1217 1618 1312 1653 ennium

217 1677 299 1727 entem
322 1677 427 1727 lictores
452 1677 586 1728 duodecim
609 1681 749 1730 enteoede·
784 1678 912 1742 integrum
931 1681 1045 1743 legitime
1062 1689 1194 1732 ereetum:
1212 1681 1256 1729 ced
1268 1693 1312 1728 no·

219 1751 349 1816 bent,non
359 1754 496 1817 gregatim,
506 1764 548 1803 ent
560 1753 664 1804 confuse
675 1771 681 1801 r
696 1769 747 1805 non
785 1765 817 1804 to
828 1769 898 1804 more
908 1755 1072 1804 trimestrem·
1100 1755 1134 1806 tte
1144 1764 1231 1804 temen
1243 1756 1312 1803 hunc

218 1829 280 1878 itere
291 1827 345 1878 bini
358 1830 469 1892 ternite,
482 1838 510 1879 ut
525 1831 580 1894 qnis
593 1831 749 1894 suspicetur,
785 1844 879 1878 nieme
909 1832 1084 1894 excogitstum
1107 1842 1123 1878 e
1147 1831 1249 1879 curere
1272 1843 1313 1877 sc·

217 1903 263 1952 sed
274 1904 379 1966 etegent,
394 1918 423 1954 ec
439 1904 570 1969 (cneorum
591 1906 656 1970 ritn)
674 1907 699 1954 in
720 1907 746 1955 ii·
784 1913 893 1968 quentes
911 1907 989 1955 etiem
1011 1905 1186 1968 impetitores
1204 1904 1311 1954 Romeni

218 1993 302 2028 neem.
318 1979 749 2030 Antecedebenterrtemcemetre-
784 1989 845 2030 snut
857 1981 949 2029 secuti.
967 1981 1041 2030 Bere.

218 2055 276 2118 pitu
297 2061 325 2104 et
346 2055 454 2119 imperio
474 2056 640 2120 condumum
661 2070 748 2121 miste,
813 2055 935 2105 Prmteo
943 2054 1310 2117 Comitiielcornitte‚qnornm

221 2130 303 2194 virge.
320 2143 393 2194 soce,
404 2131 488 2180 tecosn
499 2129 616 2181 fecerent
627 2135 747 2196 sequenti
784 2131 827 2180 irie
841 2133 947 2191 mentio,
960 2140 1077 2194 tempore
1088 2143 1140 2179 nen
1153 2143 1210 2192 sno,
1225 2129 1312 2192 prieris

218 2205 399 2268 megietretui3
421 2205 500 2270 idque
522 2206 660 2256 dicebatur
681 2207 747 2258 Surb·
785 2206 843 2254 enni
870 2206 1011 2269 mensibus,
1034 2205 1137 2255 teebite:
1163 2204 1204 2253 eei
1224 2217 1311 2252 mense

218 2281 317 2330 metior
346 2287 376 2330 ot
397 2281 459 2329 item
478 2281 604 2344 juberent
625 2283 747 2332 honorem
785 2281 924 2345 Febr-qno
939 2283 998 2332 oiim
1019 2283 1163 2344 tegetiones
1175 2279 1257 2328 endiri
1272 2293 1313 2326 sn-

218 2357 302 2428 eidem
313 2357 696 2421 exhibermcepoteperiendn,
708 2371 747 2406 es·
784 2357 839 2405 iitre
859 2371 874 2406 s
893 2357 925 2406 P.
937 2357 1020 2407 C-rei
1037 2355 1126 2406 Mertii
1147 2355 1227 2405 initio.
1260 2353 1311 2402 sert

218 2431 358 2494 surgendo,
368 2431 550 2482 descendendo
566 2433 600 2481 de
619 2447 687 2496 equo
703 2439 748 2482 ent
785 2431 920 2482 ieetinerit
939 2433 1035 2494 cerer,
1065 2419 1124 2497 q'irie
1145 2431 1228 2492 primo
1250 2441 1312 2478 rere

218 2521 303 2562 enrrn.
318 2506 416 2557 ferrum
434 2507 562 2571 ponendo,
573 2507 748 2572 similibusque
785 2508 1052 2558 nrbeeeitnrnseret.
1084 2506 1220 2558 Jemenitn
1231 2505 1313 2554 Oete·

219 2581 321 2643 officiis,
339 2597 398 2646 qum
420 2583 578 2646 conjunctim
597 2584 680 2647 tetegit
702 2585 747 2634 Se·
786 2580 1312 2648 viumenmpertecupieromApotieniesn

221 2672 286 2707 nece
301 2657 380 2721 epist.
399 2670 477 2707 extr.
498 2665 526 2706 et
541 2659 590 2706 hoc
607 2660 748 2708 vocabetsrr
785 2657 955 2721 premiseret.
974 2656 1075 2706 cesueb.

219 2730 424 2781 Animedrersio.
452 2731 528 2781 idest.
569 2731 748 2798 Asissedoerts’]
820 2733 933 2780 cmsetes
947 2745 986 2780 ses
1004 2727 1321 2792 muneremunere·

219 2807 283 2856 'l'um
293 2808 318 2856 iu
327 2821 398 2857 more
407 2807 517 2870 positum
525 2805 583 2862 fuir,
593 2813 629 2862 ut,
635 2808 747 2856 Consule
785 2805 874 2867 dignos
884 2819 916 2854 ee
926 2806 1031 2867 honoro,
1042 2804 1120 2869 qnod,
1133 2803 1253 2852 detrecto
1269 2817 1311 2852 co·

220 2883 351 2932 theutrum
381 2881 538 2936 introductu,
559 2882 647 2932 Lictor
668 2883 748 2931 enim·
786 2895 856 2930 rcum
870 2879 1145 2942 Ceterisdiedemete‚
1162 2891 1189 2926 se
1208 2877 1313 2926 tibertu-

220 2959 356 3007 edrertere
368 2956 491 3020 poprium
508 2957 624 3019 juberet.
657 2957 749 3007 Sedet
786 2957 819 3005 tis
829 2966 968 3005 assertores
975 2955 1159 3006 ostendissent.
1171 2953 1247 3002 em

219 3031 242 3080 si
259 3031 321 3095 qeid
343 3031 532 3094 perincertum
552 3032 748 3081 osciteutiernre
818 3029 922 3093 Statua]
938 3031 1026 3079 Dietio
1046 3028 1170 3078 ‘stetere'
1192 3029 1266 3077 street
1286 3027 1312 3077 irs

219 3107 294 3158 tietor
316 3107 539 3171 pretermitteret,
563 3107 633 3170 qnod
658 3113 750 3156 contre
786 3103 915 3167 eiiqnitrus
926 3105 991 3154 Mes.
1002 3117 1052 3154 nee
1064 3103 1146 3152 meter
1164 3117 1223 3152 com
1236 3103 1312 3166 penio

219 3184 371 3247 dignitetern
384 3189 463 3244 esset,
480 3183 576 3232 consui
593 3196 652 3230 enm
669 3181 750 3230 euius·
786 3187 847 3229 ente
864 3183 949 3244 ponite
960 3181 1118 3232 commodine
1132 3180 1174 3230 hio
1192 3179 1312 3230 tetbeudi·

220 3258 356 3308 edvertere
390 3254 511 3320 jebebet.
558 3255 660 3304 Indicio
699 3263 750 3318 est,
787 3262 854 3306 etur.
873 3257 948 3307 Idem.

220 3331 288 3396 qood
301 3332 388 3380 Liuius
401 3331 418 3380 Ι.
429 3343 510 3380 xxiv.
529 3329 563 3380 de
577 3330 663 3378 Fabiis
675 3336 749 3392 petre
817 3332 841 3381 Δ
854 3332 913 3382 LX.
922 3333 1034 3397 mutto]
1044 3332 1219 3395 compinctum
1229 3345 1261 3381 ex
1274 3331 1313 3379 hie

220 3417 247 3458 et
263 3406 317 3456 titio
335 3414 441 3457 nerrete
457 3408 466 3435 ⁴
480 3405 575 3455 Coneul
588 3404 748 3454 euimedver·
787 3408 890 3457 nomine
902 3415 1018 3458 recenset
1035 3415 1062 3456 et
1074 3407 1210 3472 Appienne
1222 3407 1265 3457 nn.
1279 3421 1312 3457 ιι.

221 3489 277 3530 tere
289 3483 432 3545 proximum
451 3481 567 3530 lictorem
577 3481 667 3543 justit,
678 3487 706 3530 et
719 3479 748 3536 ts,
787 3483 854 3531 neit
865 3483 941 3534 civit.
953 3490 980 3533 et
997 3483 1030 3532 ed
1045 3484 1113 3532 hunc
1124 3483 1206 3532 iocum
1218 3483 1313 3532 cseeu·

220 3563 250 3608 nt
261 3556 433 3607 descenderet
447 3569 479 3604 ex
495 3569 570 3618 eque,
582 3555 748 3604 inolescunt?
786 3556 876 3606 bonus.
894 3559 969 3607 ldser.

220 3633 305 3685 Quem
322 3631 454 3680 historiem
466 3629 525 3678 Vei.
543 3631 615 3679 Men.
632 3629 747 3680 referens
819 3631 1018 3695 Goespirutiose'e]
1044 3631 1104 3680 Vox
1127 3631 1314 3694 ‘comptuitu-

220 3709 266 3758 lib.
277 3721 307 3758 rr.
318 3721 378 3770 cep.
387 3712 412 3756 t.
421 3707 466 3766 eit,
482 3703 619 3755 Consulem
632 3707 748 3769 proximo
787 3707 840 3756 nis’
852 3708 1017 3756 exectieeimo
1028 3707 1116 3755 retium
1124 3706 1207 3768 judici
1216 3707 1314 3756 Grute-

220 3783 366 3846 iictori‚¹ut
375 3784 423 3833 sibi
434 3790 581 3848 oppeteret,
590 3781 751 3846 inspersere!
788 3795 816 3829 ro
834 3781 961 3844 glossesue
982 3782 1068 3842 sepite
1089 3787 1160 3829 certe
1183 3779 1312 3828 redundet

221 3859 333 3910 Brissm
787 3857 871 3905 otiose
897 3859 1025 3920 repetite3
1054 3869 1111 3904 cnse
1138 3854 1313 3917 premit,

254 3929 381 3995 Eumene]
398 3929 628 3992 Mnestmesttee
645 3945 749 3980 meme.
787 3930 988 3993 ‘conspiratum
1000 3929 1057 3979 eet.’
1075 3930 1151 3978 Idem.

254 4011 310 4060 Nee
323 4023 373 4059 esee
385 4007 521 4071 cmm]
538 4007 630 4056 Stente
646 4005 750 4070 Repob.
820 4005 921 4070 Cuneo]
946 4005 1070 4055 Mettium
1082 4015 1199 4066 centnm
1211 4001 1313 4064 eeeipe.

222 4087 369 4136 conenietus
379 4099 413 4132 ex
424 4084 524 4147 legibus
535 4097 633 4132 sununs
646 4095 758 4144 semper
787 4083 982 4148 Teroeiniorutn
1000 4081 1022 4128 ie
1032 4079 1107 4128 initio
1117 4075 1176 4132 finit,
1190 4075 1319 4138 Tyberise'

222 4161 281 4212 init.
307 4161 585 4221 Primusceser,ossus
597 4157 749 4207 muitsoon-
787 4158 855 4206 inter
867 4166 895 4206 et
906 4158 1037 4220 eetiqnem
1048 4152 1136 4201 orbem
1153 4150 1234 4201 sitese
1256 4154 1321 4215 qui·

225 4245 265 4285 tre
274 4237 342 4300 teges
353 4233 750 4304 peoiureeteses‚eoes1tstun
788 4233 835 4282 ties
846 4233 872 4282 ie
883 4233 989 4282 exitium
998 4229 1073 4286 tetis,
1089 4227 1170 4278 iiterti
1178 4221 1311 4279 uouem-
