3168 4922
275 321 360 390 1440
625 337 731 386 nona
756 335 957 385 vsnronuu
982 331 1021 385 sn

275 481 357 542 corio,
368 485 397 528 ut
409 478 496 528 lorica.
531 478 590 530 llos
601 493 663 542 ergo
675 480 804 543 peculiare
843 477 1159 528 Horutlonobiscourtat.
1192 466 1262 524 uini
1282 471 1377 526 ductil-

275 553 803 618 111113111111111111111111111111,11111
842 569 898 602 snus
920 569 978 602 seru
1008 561 1109 602 veteres
1128 552 1310 600 calceameutis
1333 567 1376 600 as·

275 633 383 682 thorace
394 632 466 679 laneo
483 638 600 680 uteretur
611 639 709 694 praeter
719 629 804 679 subul·
843 630 972 678 suesisre:
991 644 1048 678 curn
1061 643 1107 692 per
1126 629 1201 687 lousa
1213 629 1308 675 saecnla
1324 643 1378 676 nu-

276 691 500 756 camet'tunicas.
535 707 642 757 Frustrs
652 707 805 756 Torrentius
842 705 882 753 dis
893 704 1010 767 pedibus,
1030 704 1077 752 nisi
1097 712 1203 764 cogeret
1222 701 1375 758 necessitas,

275 782 407 831 subuculse
432 783 563 833 tborscem
590 783 722 847 explicat3
743 782 806 844 qula
843 779 964 841 egissent.
982 781 1192 840 Atposteaquam
1204 775 1375 839 infrequenti

276 855 401 904 subucula
413 854 709 920 pectustegebat.quod
721 861 750 903 ut
762 868 802 902 ve·
844 869 890 903 usu
909 855 990 904 calcei
1007 859 1142 915 crepeusnt
1161 865 1228 906 esse,
1247 851 1372 914 paulatim

277 945 331 980 nun
353 931 396 992 sit,
416 940 502 981 tanuen
519 946 536 980 a
553 931 656 982 11111111
674 931 805 980 distincto.
844 932 923 980 etiam
937 930 1043 994 pedules
1060 938 1137 992 atque
1150 929 1263 977 crurales
1282 927 1374 975 farcire

277 1004 414 1056 Ferrarius.
843 1016 902 1057 sunt
923 1015 1052 1056 sssruntae.
1084 1005 1254 1068 Temporibus
1280 1003 1374 1052 Dionis

309 1081 562 1145 Cumpinguilnuicu]
573 1083 805 1145 Pingueprocras·
844 1083 1028 1144 chrysostomi,
1046 1081 1089 1144 qni
1104 1081 1215 1144 Trajano
1227 1081 1375 1141 imperante

277 1171 306 1206 so
316 1156 397 1207 dixit:
409 1158 639 1220 quomodo'cicero
648 1158 681 1206 dc
693 1158 806 1207 Diuinat.
845 1158 918 1220 risit,
934 1157 1026 1206 fascius
1039 1157 1123 1206 adbuc
1140 1156 1278 1204 mediocris
1290 1152 1375 1203 furtu·
1405 1163 1413 1174 ¹

277 1231 396 1294 ‘Pingue
417 1241 443 1280 et
463 1239 611 1282 concretum
634 1241 674 1282 est
695 1231 807 1280 coelurnss
844 1249 884 1282 na.-
903 1234 1018 1282 homines
1039 1231 1198 1293 ignorabant.
1231 1231 1283 1279 Sed
1301 1231 1377 1278 brac·

277 1308 425 1357 Martialis:
441 1307 495 1356 ‘Et
507 1309 615 1371 pingues
624 1307 724 1357 tunicas
736 1319 807 1355 serra
844 1323 932 1358 carum
943 1323 1015 1357 nuans
1027 1308 1063 1356 ita
1081 1309 1189 1356 aversati
1207 1313 1266 1354 sunt
1284 1305 1374 1355 Graeci

277 1395 366 1430 secure
386 1381 488 1443 potest)
521 1384 553 1431 Et
575 1382 710 1432 drsvrualis
732 1381 806 1442 ‘plu
845 1385 1012 1446 Romenique,
1021 1391 1110 1432 utnon
1123 1385 1179 1431 sine
1191 1381 1373 1444 indignatione

278 1469 341 1518 guen
351 1456 466 1502 lacernas
475 1455 482 1476 ’
490 1456 647 1503 munimenta
657 1463 723 1517 togae
733 1454 807 1502 diali.
843 1457 941 1507 referat
952 1457 1072 1516 Ouidius,
1089 1457 1168 1505 Ponti
1180 1457 1279 1505 sceolas
1295 1467 1375 1518 qnos·

278 1529 430 1590 Hujasmodl
443 1538 528 1578 nutem
547 1530 707 1592 pinguiorem
720 1536 806 1590 togam
844 1532 902 1580 darn
926 1533 1033 1581 braccas
1055 1540 1181 1594 gestasse,
1207 1545 1265 1579 curn
1286 1537 1377 1580 essent

278 1603 357 1654 fuisse
381 1619 449 1668 esus,
469 1621 546 1669 qrrans
572 1607 675 1656 bannui
698 1605 806 1654 ltusnsni
845 1606 944 1657 Grecis
962 1605 1081 1654 oriundi:
1101 1604 1283 1654 existimabant
1304 1605 1374 1652 enirn

278 1681 454 1743 appellavere,
476 1680 600 1730 credibile
622 1691 672 1732 est.
706 1681 805 1730 Verre:
843 1682 1062 1732 inclementissimi
1072 1681 1129 1728 caeli
1138 1681 1163 1729 id
1173 1693 1230 1728 asae
1238 1694 1375 1742 argumen-

278 1756 373 1806 ‘Lena
392 1756 462 1820 qnod
473 1756 507 1804 de
523 1758 579 1805 lana
591 1757 672 1806 multa
681 1772 689 1817 ς
699 1755 806 1806 duarum
845 1764 909 1807 tuns.
943 1758 1003 1807 Nun
1015 1765 1101 1806 tamon
1111 1755 1268 1816 dubitemus,
1285 1756 1374 1818 paullo

278 1833 347 1882 enirn
359 1840 475 1893 togarum
488 1832 586 1882 instar)
602 1835 680 1882 Marc.
693 1833 783 1882 Densi.
846 1841 903 1896 post
915 1832 1026 1897 Augusti
1040 1841 1165 1892 tempora,
1177 1831 1278 1880 braccis
1288 1831 1375 1892 cepis·

311 1899 809 1967 Ersurenasuracsuneo]srrnnmn,
844 1923 874 1958 se
902 1921 1051 1958 assuescere
1080 1907 1218 1968 Romanos,
1240 1909 1283 1970 qui
1306 1907 1375 1955 bella

279 1980 339 2030 uiris
350 1980 511 2044 foeruiuisque
522 1974 672 2042 eommunis,
689 1980 725 2030 sic
737 1981 808 2030 dicta
845 1996 902 2031 orins
914 1982 1049 2031 Germanis
1063 1980 1173 2044 aliisque
1185 1981 1375 2044 septentriona-

278 2065 328 2111 est,
353 2056 420 2118 quod
447 2058 537 2107 subtus
558 2063 686 2120 gestetur.
715 2055 808 2104 Varro·
846 2057 912 2106 libus
936 2058 1037 2119 populis
1054 2057 1189 2119 gerebant,
1211 2065 1257 2105 sut
1277 2057 1372 2104 limites

278 2133 418 2182 'l'lroracern
437 2141 523 2180 autern
543 2132 675 2180 subucnlae
694 2130 809 2194 intelligo
845 2131 951 2194 Imperii
960 2132 983 2178 in
992 2130 1041 2178 illis
1050 2131 1100 2177 oris
1111 2130 1258 2180 tuebantur.
1272 2130 1375 2179 Cssusb.

280 2215 409 2271 quatenus
433 2221 463 2256 ea
486 2215 578 2269 pectus
597 2208 703 2270 tegitur.
737 2207 809 2256 Male
876 2207 909 2256 In
918 2204 1053 2270 per-istplic]
1069 2205 1169 2254 luntrii
1180 2213 1347 2270 partenium
1357 2221 1373 2254 e

278 2283 359 2342 igitur
371 2283 415 2347 qni
432 2282 581 2332 1111111111
597 2282 692 2332 tlsorace
709 2281 808 2344 legunt.
846 2297 874 2332 re
886 2283 1044 2347 peristyliuns
1058 2281 1187 2331 dicebant.
1222 2282 1317 2331 ridi-sis
1329 2295 1374 2330 sn-

281 2359 392 2408 ll'orreui.
846 2365 937 2407 uulsis
946 2357 978 2405 ad
989 2371 1047 2420 cap.
1057 2361 1098 2406 uu.
1112 2363 1140 2406 et
1151 2358 1296 2406 Vitrariusn
1308 2357 1374 2407 libro

312 2431 515 2490 Etserniunls'bss,
526 2437 550 2480 ct
561 2430 681 2479 tibialibus
692 2429 810 2478 munieba-
847 2445 885 2482 vs.
896 2447 956 2493 cap.
968 2435 992 2481 t.

279 2507 332 2569 tur]
345 2505 574 2555 Illisrncibusnou
587 2505 810 2568 intelliguntr'ete-
879 2506 985 2556 Salinste
1005 2509 1080 2572 uuas]
1109 2509 1192 2557 Simili
1214 2509 1324 2558 artificio
1344 2515 1374 2558 et

280 2597 322 2632 res
335 2581 422 2632 Latini
432 2579 459 2630 iul
480 2581 547 2645 quod
558 2581 635 2631 lrotlle
652 2581 811 2644 appellamus
847 2581 950 2634 tirestrs
978 2583 1181 2645 refrigerarunts
1209 2583 1373 2648 risusque-rei

281 2655 416 2707 femoralia
434 2662 461 2705 et
474 2655 638 2717 tibialis,sed
651 2654 811 2720 1111111111-
848 2660 945 2722 prisuus
972 2668 1062 2708 auctor
1087 2661 1228 2723 Pompeius
1254 2661 1374 2722 Magnus.

282 2733 330 2781 bns
349 2733 449 2794 antiqui
469 2731 558 2794 pedes,
578 2731 666 2788 tibias,
683 2745 768 2790 crure,
784 2737 812 2780 et
847 2735 966 2784 Velerlus
980 2735 1108 2790 Msuimus
1126 2735 1171 2783 lib.
1182 2747 1213 2784 rr.
1248 2736 1373 2784 Enetianr

281 2806 381 2856 femora
390 2806 444 2854 sive
453 2804 548 2854 femina
556 2807 733 2856 involvebant.
746 2806 812 2854 Nos·
842 2818 950 2872 spectat
963 2809 1032 2858 Circi
1048 2810 1175 2870 irrigatio.
1193 2811 1295 2860 Cussab.

283 2892 336 2932 tras
347 2881 414 2929 cuins
428 2880 534 2930 braccas
552 2895 602 2930 non
619 2879 698 2928 fuisse
710 2879 812 2928 Graecis
869 2885 1031 2948 Aequanum
1041 2886 1170 2934 uentilante
1179 2888 1256 2948 aliquo
1266 2886 1376 2948 cudebat]

282 2955 814 3021 Iatlinltquelnuws00llf⁰b³ffl¹¹⁸rtll¹0ds
849 2961 931 3010 Erant
966 2957 1067 3009 flabella
1095 2961 1291 3023 elegantiarum,
1321 2961 1375 3009 sire

283 3037 309 3084 in
329 3038 400 3084 cultu
418 3034 567 3084 Graecorum
586 3041 613 3081 et
631 3033 813 3092 Romanorum,
849 3036 985 3090 snusesria,
997 3037 1135 3099 pavonina,
1155 3047 1182 3085 ut
1201 3037 1327 3087 lllsrtislis
1339 3038 1376 3086 in·

284 3111 402 3160 breviore
414 3116 483 3157 reste
496 3109 592 3168 amicti,
609 3121 653 3155 eas
674 3113 762 3168 partes
774 3119 814 3154 os·
849 3110 929 3161 dicat.
961 3113 998 3161 Ut
1008 3113 1143 3174 plurimum
1155 3111 1256 3162 flabella
1272 3121 1375 3162 eraute

283 3185 431 3245 tenderent,
443 3199 500 3247 qlloe
512 3183 620 3232 holledie
629 3179 754 3230 nominari
763 3193 812 3226 11011
850 3187 942 3247 pennis
953 3187 1021 3235 inter
1030 3201 1058 3235 ge
1069 3187 1196 3250 colligatis
1204 3189 1229 3236 in
1239 3203 1315 3236 primu
1326 3186 1375 3236 fu.

283 3263 399 3320 possunt.
433 3257 499 3306 ltem
530 3257 599 3317 quod
626 3254 651 3302 ln
682 3253 813 3301 mentione
850 3261 977 3310 ciculruu:
1001 3276 1082 3326 qaaere
1105 3262 1242 3325 Euripides
1264 3263 1379 3324 appellat

282 3335 330 3381 τᾶν
339 3328 562 3392 περ1κοιλιολυσίαν
570 3328 652 3390 ὄντων,
662 3327 812 3376 venissem·
850 3335 942 3397 1111ηῆ
960 3335 1050 3386 κύκλον
1063 3337 1180 3401 πόρνον,
1198 3347 1227 3386 et
1237 3345 1310 3386 notat
1325 3351 1379 3386 rnu-

284 3421 331 3470 11111·
342 3405 497 3454 rudimentur
507 3405 546 3454 11111
559 3403 700 3454 ἀνέλκεσθαῐ
709 3403 813 3452 dicitur.
850 3425 904 3459 rem
924 3425 981 3460 μω
999 3413 1169 3467 Burbu-icum
1186 3413 1328 3474 epm-”ia
1344 3412 1377 3460 {d

287 3481 583 3530 Hebraelllonestltrlme
602 3477 813 3542 ‘tegerepeden'
851 3485 957 3536 Grecos
974 3487 1087 3539 allatrun.
1120 3490 1203 3537 Porro
1224 3489 1267 3552 qni
1281 3487 1379 3536 mollio·

285 3555 449 3605 Herodianus
467 3557 492 3603 in
510 3556 639 3617 1110ῐὶ110,
655 3552 698 3603 τὶς
715 3553 814 3610 ‘vilitas
850 3570 987 3623 reserant,
1007 3564 1149 3624 presertim
1169 3569 1254 3612 nutem
1269 3561 1380 3622 virginea

284 3633 332 3680 esis
342 3633 420 3693 μηρῶν
430 3629 561 3679 reliditur·
587 3631 654 3678 Uetti
666 3631 761 3691 urimur
771 3631 813 3678 lus·
851 3636 980 3700 dclicatae,
994 3638 1025 3687 iis
1042 3653 1091 3686 non
1108 3637 1262 3688 cubantibus
1279 3643 1379 3684 tautum

285 3724 340 3758 rum
352 3707 488 3756 fasciarum
507 3704 558 3754 fult
572 3705 599 3753 in
614 3706 719 3767 egrotis
730 3712 758 3754 el
768 3705 814 3752 1111·
852 3713 1020 3762 ventilatores
1032 3713 1151 3776 adersnt,
1160 3714 1205 3762 sod
1217 3715 1296 3761 etienr
1309 3711 1379 3758 ince-

178 3815 184 3830 .
285 3783 431 3838 becillibus,
442 3797 458 3830 s
468 3780 559 3848 quillus
569 3788 715 3829 sumserunt
724 3787 816 3843 postea
852 3787 974 3836 dentibus
985 3802 1032 3849 per
1044 3789 1131 3836 urlrern
1142 3788 1211 3838 serui
1221 3801 1277 3836 curn
1290 3784 1380 3834 flabel-

285 3860 401 3908 bomines
413 3858 517 3908 delicet}
530 3865 557 3905 el
569 3857 666 3904 11101101·
701 3856 814 3906 Pedulet
853 3863 882 3910 lis
894 3863 1006 3911 simulet
1018 3863 1135 3912 umbellis
1150 3865 1217 3912 latus
1229 3860 1381 3924 cingebant.

286 3936 379 3990 fascias
390 3940 476 3991 Graeci
485 3935 633 4002 repungitur
642 3935 815 3998 appellarunt,
854 3940 992 4001 Dionysius
1010 3939 1069 3988 llal.
1081 3941 1126 3990 lib.
1139 3953 1189 3988 vrr.
1206 3941 1281 3988 ldess.
1368 3958 1372 3966 ·

242 4021 247 4028 '
287 4020 402 4066 crurslas
424 4016 594 4079 remunetione.
629 4014 701 4064 Ques
729 4018 816 4060 tamen
886 4013 1027 4075 Petusutsrs]
1059 4013 1178 4068 Perseus,
1201 4029 1217 4061 s
1243 4009 1381 4072 avernus,

288 4093 366 4141 etiam
379 4109 394 4142 a
406 4095 498 4156 pinellis
508 4092 588 4140 inisse
596 4093 710 4152 gestatas
718 4101 750 4135 ex
761 4087 816 4135 Mn·
854 4089 935 4149 pileus
947 4096 986 4137 est
998 4089 1123 4137 victorius
1134 4092 1213 4139 solens
1228 4083 1395 4138 defendens:

286 4167 386 4218 nandro
397 4175 506 4220 aunatst
516 4166 601 4218 Julius
619 4162 723 4224 Pollux,
740 4168 768 4211 et
782 4175 816 4212 ex
855 4162 980 4226 Apuleius
994 4167 1002 4192 ‘
1014 4165 1077 4229 puel
1087 4165 1277 4217 umbraculum'
1295 4169 1379 4214 uocat.
