3180 4910
288 415 374 482 1476
564 481 566 489 .
640 431 747 482 noun
773 429 973 479 vnutocun
1001 431 1038 477 ru

290 573 506 638 rudis,lilserstlo
522 573 555 624 sb
568 583 656 626 urens.
690 573 818 624 Veruute·
855 579 871 612 -·
888 569 1206 635 summouentium
1224 567 1388 633 dolsit1Esri

287 667 348 702 suen
360 649 569 714 eglndiotorilsus
581 648 730 704 conditione
740 649 818 704 servi.
856 650 965 714 qrrodsnr
987 657 1104 710 tempore
1122 647 1203 715 libers
1219 646 1332 700 diuortio
1348 645 1387 696 iu·

286 729 312 778 hi
326 726 415 776 deuoti
436 726 509 790 rude,
526 741 575 778 non
591 725 818 776 libertateunucci·
857 725 935 779 erint,
948 734 1033 772 sennen
1052 721 1159 784 Dionys.
1172 721 1260 772 Helie.
1271 721 1337 772 libro
1353 735 1386 772 ιι.

288 801 407 866 piebsut,
426 801 471 850 sed
484 800 645 851 vncstionem
657 801 819 850 dunilensis
855 809 978 856 teneretur,
999 816 1054 850 euru
1078 800 1225 850 liber-tutent
1249 800 1346 862 primis*
1359 809 1388 850 et

287 892 382 942 progne.
419 877 530 930 soniste
543 877 677 940 deinceps,
690 890 771 939 prove
781 876 818 924 ln·
857 876 969 938 antiquis
984 877 1058 939 Reip.
1071 876 1103 924 R.
1117 875 1338 938 teoiporlbus‘nen
1350 875 1389 924 in-

286 952 360 1001 nistis
372 952 724 1014 erunt‚doctorestyronnrn‚
737 950 819 1006 etbs·
857 952 917 1012 isse,
937 965 968 1000 sc
985 957 1125 1014 propterea
1142 949 1279 1001 diuortium
1298 951 1388 1000 Rernte

287 1029 407 1090 luebunt,
417 1041 468 1078 noo
480 1027 640 1090 pugnabunt.
661 1026 736 1078 idem.
857 1040 994 1088 perennes
1013 1037 1080 1076 uxx.
1094 1025 1190 1074 nullutn
1202 1024 1299 1082 inisse:
1317 1026 1387 1090 quoti

318 1103 516 1166 Auetsrnnrente]
532 1102 703 1156 ‘Atretornti'
714 1115 818 1166 quoque
856 1101 957 1154 Gellius
977 1102 1114 1158 coulirmet
1134 1102 1178 1151 lib.
1197 1115 1235 1152 sn.
1254 1117 1312 1164 cup.
1324 1109 1348 1152 5.
1360 1107 1388 1151 et

287 1179 410 1230 dicuntur
421 1178 517 1228 milites
529 1184 557 1227 et
567 1177 769 1229 ‘exauctoratis'
781 1176 818 1226 illi
856 1176 958 1226 Plinius
969 1176 1036 1226 libre
1056 1189 1107 1226 vu.
1122 1191 1181 1239 cup.
1197 1182 1223 1227 9.
1235 1185 1262 1227 et
1273 1177 1387 1230 Tertull.

287 1262 448 1316 srcrsnrento
460 1253 557 1304 militie
574 1261 602 1304 es
613 1251 743 1316 stipendio
754 1251 819 1301 obli·
854 1249 880 1300 in
893 1249 1032 1314 Apologus.
1049 1251 1208 1302 Hettnmuuu.

288 1331 528 1395 gstirhitanusnr
541 1327 818 1382 aercdirutietseers·
888 1326 955 1378 tuo
977 1327 1093 1376 conlatis
1106 1333 1136 1382 let
1154 1327 1296 1378 tumentibus
1315 1327 1388 1378 oeulis

286 1413 378 1457 ruente
400 1405 488 1456 soluti.
508 1405 570 1470 quin
592 1409 620 1454 et
640 1409 817 1455 suctorrusen·
853 1407 989 1466 prosecutus
999 1403 1048 1466 est]
1056 1403 1193 1466 Expressit
1206 1403 1321 1466 pluribus
1331 1419 1388 1452 ser-

286 1488 342 1544 turn
364 1481 390 1530 iu
408 1480 508 1538 artibus
523 1478 729 1538 mercensriiset
744 1476 818 1541 opifi-
858 1478 906 1536 bis,
927 1479 998 1544 qrrod
1020 1493 1070 1528 ιιιιο
1089 1480 1240 1530 Graeeuruur
1259 1480 1386 1530 ditissime

287 1557 335 1606 ciis
346 1554 472 1619 obligatio
484 1553 603 1620 quaedssn
611 1563 652 1603 est
663 1552 818 1615 interposite
855 1553 951 1618 liunus,
962 1556 1094 1620 muosisp'r·
1112 1555 1180 1621 quod
1193 1553 1225 1604 de
1237 1568 1269 1605 ee
1284 1554 1383 1618 dicunt,

235 1679 242 1689 ‚
287 1629 408 1682 mercede
427 1635 580 1679 contrecto:
601 1626 668 1678 unde
684 1627 783 1676 Tullius
799 1641 818 1676 ι.
855 1630 897 1679 eni
909 1645 924 1680 e
935 1639 1061 1682 contente
1071 1631 1166 1682 intuitu
1179 1630 1384 1681 reiensstuocu·

288 1703 365 1756 Offic·
384 1705 506 1758 ‘Merces
528 1704 584 1768 ipss
603 1705 629 1753 in
652 1703 818 1754 rnerccnsriis
854 1706 873 1768 ii
885 1713 996 1758 tument.
1012 1708 1182 1758 Theocritio:
1194 1706 1216 1755 ol
1226 1707 1289 1754 ιἰι·
1299 1703 1384 1768 leores

287 1777 722 1834 sructorsmsotumestservituris:
738 1776 819 1828 Amet
854 1781 922 1840 Δηιὰ
943 1782 1117 1834 κυλοιιιιωντες
1137 1783 1224 1834 erduno
1237 1784 1384 1844 pexiludos·

286 1857 502 1909 hocsocsbulurn
515 1857 682 1908 Paterentur.
701 1854 802 1906 Turesis.
853 1876 886 1908 rs.
912 1860 1011 1909 Gnosso
1022 1860 1127 1921 συνεχὴς
1136 1860 1327 1925 liujusturuoris
1335 1866 1385 1920 est,

320 1934 449 1986 centenum
459 1932 570 1996 mdliseu]
589 1931 619 1981 ld
633 1937 682 1991 est,
695 1931 733 1981 bis
748 1931 818 1982 mille
854 1934 993 1998 spirituum
1005 1936 1149 2000 epticorunr
1158 1935 1279 1984 collectio
1288 1939 1317 1983 et
1324 1948 1386 1985 con·

287 2011 721 2074 etqutugenroruuicoronatorum.
854 2009 953 2058 tentio:
972 2023 1031 2072 qun
1046 2011 1158 2058 nescitur
1169 2024 1201 2058 ex
1220 2007 1330 2059 effeetus
1344 2023 1385 2058 ue·

320 2087 423 2149 Neptem
435 2087 529 2136 Coeeilii
539 2086 618 2137 Attici
631 2085 716 2149 epulis
728 2085 816 2134 Romu
854 2082 993 2134 irenreutis.
1023 2085 1125 2135 Conui.
1158 2084 1310 2134 ‘Consentis
1327 2098 1387 2132 oen·

286 2159 325 2226 tri]
344 2163 467 2212 Nstsest
477 2163 567 2212 Attico
578 2163 665 2226 neptis
675 2175 708 2211 ex
721 2161 816 2225 Agrip·
854 2160 897 2210 lis’
915 2161 990 2218 dixit,
1000 2169 1030 2211 ιιι
1041 2163 1181 2212 ‘contento
1198 2159 1311 2224 poplite'
1331 2159 1385 2208 lio-

285 2251 330 2304 pe,
352 2238 394 2288 cui
414 2238 542 2302 virginem
564 2237 643 2289 filiurn
666 2237 816 2289 collocaret.
854 2245 903 2285 rnt.
914 2236 932 2285 l.
945 2249 975 2286 tr.
985 2236 1042 2296 Set.
1055 2241 1079 2287 7.
1091 2244 1118 2287 et
1129 2237 1270 2286 ‘contenis
1279 2235 1385 2285 cervice

285 2312 365 2364 Hunc
376 2313 475 2376 Censor,
489 2315 531 2363 nis
545 2315 701 2371 snuiculsnr,
712 2315 816 2364 Tiberio
854 2311 952 2362 fersm'
964 2314 1061 2364 Annon.
1081 2313 1130 2376 Ep.
1147 2326 1175 2362 x.
1186 2313 1224 2361 sic
1235 2314 1304 2360 enirn
1316 2325 1385 2361 suns·

286 2388 395 2439 Claudio
405 2390 504 2442 Neroni
513 2389 629 2443 Drusilla
640 2396 710 2446 ueto.
722 2389 817 2453 pririg·
854 2389 953 2439 loribus
963 2388 1070 2450 eccidit,
1080 2387 1191 2450 quondo,
1207 2391 1238 2434 ut
1246 2385 1284 2434 ait
1296 2383 1384 2448 Virgi-

285 2476 389 2525 nosuo,
405 2465 552 2528 despondit.
587 2465 653 2514 Quae
668 2466 816 2526 conjunctio
853 2463 919 2514 ilus:
939 2458 1309 2524 ‘ecolosinrirgiue'fignnul
1325 2460 1384 2510 Ter·

285 2538 502 2588 necessitudinem
522 2552 612 2587 eorum
629 2538 725 2598 sensit,
742 2536 816 2587 fumi·
853 2541 916 2586 rent.

284 2614 425 2664 liuritntern
459 2613 574 2664 reddidit
603 2611 815 2679 frequentiorem.
887 2612 1051 2663 Pedidsslete
1060 2612 1144 2664 ilium
1152 2613 1322 2675 presedisse,
1335 2615 1384 2666 teo·

286 2688 391 2740 Cornel.
406 2689 504 2753 Nepos.
853 2701 915 2737 mum
933 2703 1005 2752 usque
1021 2688 1139 2752 mats]
1157 2689 1221 2738 Cum
1241 2691 1313 2753 groti
1332 2688 1386 2739 frn-

321 2765 414 2814 Coecilii
433 2766 525 2829 Attici]
552 2766 612 2817 Quo
634 2765 735 2816 nomine
756 2772 816 2829 post
853 2770 921 2812 trem
933 2772 961 2814 et
971 2765 1115 2828 periculose
1125 2763 1273 2814 usletudiue
1284 2765 1386 2815 inGer·

285 2843 407 2893 suntoculi
428 2836 611 2893 'sesteureuturn
635 2850 741 2895 nuestus
758 2841 817 2907 sutr,
853 2840 939 2890 menis
959 2838 1088 2892 ducturre
1107 2840 1385 2906 cognovisser,·Alpes

285 2915 332 2972 sed
343 2917 481 2980 Pomponii
494 2926 579 2968 tumen
591 2918 676 2968 notior
687 2925 736 2976 est.
759 2919 785 2968 N
788 2934 816 2968 o·
853 2914 1024 2979 lilrenurnque
1036 2922 1222 2979 transgressus,
1233 2915 1275 2965 die
1283 2928 1313 2966 sc
1324 2929 1385 2968 noe·

284 2991 816 3060 tendumrero,qnodAgrippinumvoest
853 2995 880 3039 te
902 2997 1001 3040 rnutsto
1025 2990 1136 3041 subinde
1159 2998 1235 3054 equo,
1263 2989 1383 3040 ducentis

283 3065 391 3117 Sueten.
412 3081 489 3134 quens
506 3069 589 3119 Tacit.
609 3069 766 3133 leseulsnr,
785 3076 815 3120 ut
852 3067 963 3116 millibus
986 3080 1117 3131 persuum,
1136 3080 1183 3130 per
1202 3066 1278 3118 modo
1296 3067 1384 3118 derio·

284 3143 375 3194 eedem
388 3143 469 3208 petris
482 3145 814 3201 uonnoruentontum,sed
852 3146 906 3192 teus
928 3141 1073 3192 berberisnn
1101 3143 1193 3193 evenit.
1227 3143 1328 3198 Drusus
1349 3157 1382 3192 eo

284 3224 312 3269 et
323 3233 465 3283 cognomen
477 3219 574 3270 tulerit.
605 3219 815 3270 Post'liberium
852 3217 918 3280 ipso,
938 3230 988 3280 que
1006 3215 1059 3265 virs
1076 3225 1105 3266 et
1120 3229 1187 3268 mors
1205 3217 1382 3280 distingutur.

220 3317 223 3328 ·
284 3292 375 3344 Asinio
398 3294 484 3358 Gallo,
506 3295 587 3346 Asinii
608 3293 732 3344 Pollionis
750 3293 815 3358 lilio,
852 3299 993 3355 momento,
1016 3293 1131 3355 legiones
1153 3307 1212 3342 cum
1240 3292 1382 3358 insignibus

283 3371 380 3433 nrnpsit.
423 3369 491 3420 Vide
502 3371 622 3422 Taciturn
635 3368 679 3419 lib.
691 3382 710 3420 ι.
721 3368 814 3422 Annei.
851 3369 905 3420 suis
920 3367 1115 3419 fretciobvisrn
1136 3369 1282 3433 procedere
1293 3369 1384 3433 jussit,

286 3444 396 3494 Torreat.
852 3453 879 3496 es
899 3454 928 3495 ut
952 3445 1092 3510 imperetur
1111 3445 1267 3496 salutaretur
1286 3458 1383 3509 preses·

315 3519 355 3568 Ad
367 3527 497 3582 puemsuut
507 3523 627 3572 Ciceronis
636 3522 751 3587 epistole]
762 3523 814 3574 No·
852 3523 899 3586 pit.
916 3522 1004 3571 Voler.
1016 3522 1090 3572 Mus.

283 3607 343 3644 uren
354 3592 438 3643 Attici
457 3598 551 3656 perire,
568 3597 699 3647 Ciceronis
716 3599 813 3661 episto·
884 3597 953 3648 Gne.
964 3602 988 3650 Β.
1006 3596 1381 3662 Ciuiliumuffieiersusrsdistes·

284 3669 315 3718 lte
335 3683 387 3719 non
403 3669 499 3719 sinunt.
532 3672 602 3722 Nihil
622 3674 659 3722 illi
674 3673 814 3738 prot'nisset
851 3673 895 3736 iis]
913 3674 1043 3723 Cunusint
1060 3675 1383 3738 plurimsenusserurnsse·

284 3761 364 3812 gener
373 3745 502 3811 Agrippa,
513 3755 540 3797 et
550 3748 667 3797 Tiberius
678 3765 814 3813 progener,
852 3761 923 3804 nere,
947 3762 1004 3811 qnae
1027 3749 1201 3812 eloquentium
1221 3746 1382 3809 desiderent,

284 3830 312 3880 et
338 3825 440 3874 Drusus
462 3823 551 3872 Caessr
575 3836 720 3885 pronepos:
744 3825 813 3873 inter
851 3823 975 3886 multione
986 3824 1011 3872 ln
1024 3832 1113 3873 nostre
1125 3822 1380 3887 Rep.sdolesceutes

284 3905 337 3948 tens
360 3912 451 3962 magun
474 3897 577 3946 nonnius
602 3905 742 3954 teneretur,
764 3899 813 3948 nisl
852 3899 958 3962 etrpud
968 3897 1380 3964 J'ndices‚etupnddeuoluundi-

284 3973 376 4023 Cicero
388 3974 458 4024 illuni
471 3973 648 4037 applicuisset.
665 3973 772 4023 Seneca.
850 3973 925 4022 cendi
941 3973 1042 4022 leudem
1064 3975 1176 4024 assecuti
1193 3975 1253 4030 sint,
1270 3974 1382 4024 maxims

306 4049 368 4098 -Sub
376 4051 455 4114 priore
462 4049 559 4113 morito]
577 4048 811 4112 Augustudunum
850 4049 986 4098 ndmirstic
998 4057 1040 4098 est
1050 4049 1076 4097 ln
1084 4049 1207 4112 judiciis:
1219 4064 1326 4114 querum
1339 4063 1381 4098 re·

283 4123 362 4174 filiurn
371 4126 479 4189 primurn
488 4125 627 4184 Marcello,
636 4123 741 4186 deinde,
753 4132 781 4174 nt
790 4125 811 4176 is
849 4125 887 4173 tio
903 4123 999 4187 duplex
1014 4131 1073 4172 est:
1093 4137 1149 4172 nens
1168 4131 1197 4174 et
1213 4125 1380 4176 sceusstleue

283 4197 358 4264 obiit,
372 4201 463 4252 Mercu
483 4201 608 4266 Agrippae
623 4199 717 4264 nuptui
730 4200 811 4252 dedit.
850 4205 877 4248 et
898 4197 1047 4249 det‘eusionc
1067 4206 1184 4250 constet:
1203 4213 1310 4265 qournrn
1327 4203 1379 4250 esst

284 4274 396 4325 Heronio.
850 4275 1002 4327 lsudsbilior
1014 4273 1191 4340 cadolensis,
1204 4285 1290 4328 temen
1298 4275 1379 4328 etism
