3234 4888
310 347 397 414 1314
657 357 765 408 norm
789 355 991 406 vnnronuu
1018 356 1055 404 ru

313 510 387 559 csret
403 501 615 564 excruetsrstque
638 499 719 562 prius.
753 497 839 548 Acnte
876 498 963 562 sitsrn,
996 496 1171 557 seueritatem,
1206 495 1339 562 pictatem,
1373 501 1403 546 nt

313 579 602 642 Ciundiunuspsnegyr.
614 575 761 625 deCousni.
774 575 839 624 Mel·
877 587 941 622 srxor
962 571 1065 622 insumis
1083 573 1163 636 ipsius
1186 571 1282 621 insnum
1296 571 1403 622 drucio·

311 653 352 703 lii:
371 653 441 704 ‘Qut
450 651 545 702 fruitur
556 665 639 714 prens,
652 649 722 699 ferus
730 659 786 710 est;
803 650 839 698 ie·
878 662 934 696 rsre
954 663 1005 696 nou
1024 649 1147 711 potnerit·
1180 647 1302 710 Denique
1321 648 1404 709 possit

313 744 425 792 ponsque
441 727 544 778 ridetur
554 725 704 776 Vindictam
714 733 839 791 proesture
877 724 953 774 siicrsi
973 724 1064 784 sideri,
1075 725 1170 772 rectius
1181 722 1309 772 facturum
1325 721 1403 774 fnisse

312 803 380 852 sibi!
397 803 473 852 Rern.
595 810 598 814 '
879 801 1015 856 Cererem,
1038 800 1058 846 si
1085 799 1210 848 Varronis
1241 805 1402 861 prusocptnrn

318 912 320 918 ·
347 879 397 925 Cur
407 876 563 942 repudiasset]
579 875 743 940 Inquiramus
754 873 780 923 in
792 875 839 924 boc
877 875 1048 938 observasset,
1057 875 1089 922 nb
1102 874 1133 924 A.
1145 873 1231 924 Gellio
1242 873 1351 922 reirtunr
1360 873 1403 922 iib.

315 952 426 1017 sectum,
438 953 613 1017 prudentem
631 952 719 1002 Cesar
732 964 839 999 uxorem
878 965 898 1001 r.
911 965 969 1014 esp.
983 955 1022 1000 11.
1041 957 1048 979 ¹
1060 951 1155 1000 Vitium
1172 950 1257 1000 uxoris
1267 957 1312 998 sut
1324 951 1403 999 corri-

312 1027 784 1091 reperiissentadstreritsuspectssu.
801 1023 841 1074 Ae
878 1027 1000 1088 gendum,
1012 1026 1200 1076 sutirrcudnrn
1212 1033 1261 1076 est.
1287 1025 1338 1075 Qui
1347 1039 1404 1074 eor·

313 1105 380 1154 rutio
396 1105 497 1168 quidcsu
514 1105 566 1165 iiie,
577 1119 653 1167 quern
667 1104 756 1153 Cursor
773 1101 840 1164 ipse·
878 1104 939 1166 rigit
959 1103 1059 1163 sitium,
1078 1116 1184 1151 uxorem
1205 1103 1402 1151 commodiorem

264 1237 267 1242 Ι
313 1185 367 1236 ruet
383 1180 426 1230 irie
441 1180 557 1242 eddnoit,
571 1179 619 1228 isuc
636 1178 734 1242 duplic!
750 1175 841 1226 funde·
877 1184 1000 1242 preststs
1018 1179 1061 1242 qni
1073 1176 1134 1240 fert,
1151 1191 1207 1226 sese
1224 1177 1353 1227 iustiorem
1365 1177 1403 1226 fs·

313 1265 403 1304 mento
414 1256 524 1305 nititur:
543 1255 611 1318 qnod
629 1255 736 1317 primunr
750 1253 841 1302 domus
877 1252 931 1303 oit’
963 1253 1158 1314 Verumtamen,
1176 1260 1204 1301 nt
1215 1251 1310 1302 ibidem
1321 1253 1403 1316 expii·

313 1330 465 1393 principalis
485 1331 548 1380 sitis
565 1329 744 1380 diffunduntur
760 1330 785 1378 iu
803 1330 840 1379 oi·
877 1335 919 1376 ost
932 1327 964 1376 A.
982 1327 1080 1378 Geiiius
1091 1327 1155 1392 ipse,
1171 1329 1219 1376 boc
1230 1327 1263 1377 de
1274 1327 1304 1375 iis
1315 1334 1355 1377 est
1367 1328 1401 1376 si·

313 1407 431 1469 vitutem,
441 1406 548 1468 piusque
560 1406 679 1468 exemplo
690 1419 766 1468 quesn
780 1419 841 1468 pec·
878 1401 919 1450 tiis
932 1401 1139 1466 intelligendum,
1152 1416 1210 1466 quse
1222 1401 1284 1450 ferri
1296 1403 1348 1451 siro
1360 1403 1419 1452 iso-⁸

313 1489 374 1529 osto
392 1489 495 1544 nocent,
514 1481 552 1530 uti
568 1480 662 1530 Cicero
676 1481 721 1529 lib.
739 1493 785 1528 ιιι.
806 1481 840 1530 de
877 1483 949 1526 ueste
966 1485 1088 1539 possunt:
1107 1485 1135 1526 et
1146 1477 1231 1540 qualis
1249 1477 1403 1527 exercendus

313 1555 423 1618 iegibus.
457 1555 567 1608 Quodsi
589 1570 653 1619 erpo
673 1555 755 1604 estivis
773 1555 841 1605 bono
877 1552 1076 1612 virtutis,ceurs
1087 1552 1147 1602 tnlit
1164 1553 1191 1601 in
1202 1567 1249 1601 sus
1269 1551 1403 1618 Xsntippe

312 1632 369 1680 viro
380 1631 531 1692 onrsndnus,
543 1638 572 1680 nt
583 1639 590 1661 ¹
600 1639 688 1681 curent
699 1643 750 1680 non
759 1633 840 1681 solum
878 1627 1009 1678 Socrates.
1027 1628 1104 1677 Idem.

312 1707 419 1757 erimine
438 1706 616 1772 turpitudinis,
640 1721 729 1757 rernm
763 1707 840 1756 etism
911 1704 1029 1754 Cernit.
1050 1704 1260 1768 cumanumque]
1271 1703 1403 1754 HineCeu·

313 1779 479 1844 suspicione,'
503 1789 599 1844 qnsntu
617 1782 698 1844 rengis
714 1780 765 1830 erit
779 1779 841 1830 siis·
878 1791 961 1826 serem
983 1780 1099 1841 ‘peetrrs
1123 1780 1180 1843 ipss
1207 1779 1404 1828 mausuetudine

313 1854 454 1904 borundnns
464 1855 520 1904 siro
529 1853 656 1919 Principi,
664 1854 773 1918 nequod
783 1870 841 1918 pro·
878 1853 975 1902 mitins'
997 1855 1113 1918 appellnt
1134 1853 1255 1904 Vuierius
1274 1855 1404 1904 Maximus

312 1930 387 1980 brurn
416 1931 440 1978 in
462 1930 560 1979 sensilis
580 1945 635 1986 sne,
657 1931 842 1994 precipueque
877 1928 923 1977 lib.
935 1943 974 1979 vr.
987 1935 1077 1993 nupt.
1097 1945 1139 1979 ex·
1153 1935 1177 1980 2·
1209 1931 1260 1980 Sed
1273 1939 1300 1979 st
1311 1930 1404 1980 Cicero

313 2005 432 2068 conjuge,
443 2003 484 2054 rei
502 2005 592 2054 enitens
615 2004 701 2066 probri
720 2003 842 2069 suspicio,
878 2005 982 2052 surnsnis
994 2005 1113 2055 laudibus
1125 2007 1286 2056 elementiam
1296 2005 1405 2056 Cereris

314 2080 434 2130 haerenti
451 2080 557 2130 Deinde
577 2079 637 2144 quis
656 2080 758 2143 imperii
780 2094 840 2129 sere
879 2079 980 2129 extollit
999 2082 1025 2130 in
1046 2081 1206 2130 orationibus
1223 2094 1270 2144 pro
1285 2081 1323 2131 Μ.
1334 2081 1405 2130 disr-

314 2157 405 2212 teiuru,
414 2158 626 2220 precipuumque
633 2155 841 2218 instrumentum,
878 2155 954 2216 ceiio,
965 2170 1039 2220 quern
1052 2164 1147 2218 temen,
1160 2163 1297 2220 antequem
1310 2156 1405 2220 princi·
1438 2171 1441 2180 ’

314 2231 456 2297 strotoritss
464 2238 514 2279 est.
548 2229 583 2279 At
592 2229 732 2293 enprobris
744 2232 840 2281 uxoriis
879 2238 968 2293 pctnsu
980 2239 1049 2280 esset
1062 2230 1181 2292 adeptus,
1196 2239 1350 2295 *tyrannum
1360 2230 1366 2252 ¹
1377 2238 1405 2282 et

313 2321 365 2356 non
376 2303 527 2354 inbefuotsri
542 2304 673 2367 minuique
686 2318 734 2352 non
747 2293 860 2367 potest*
877 2304 1052 2353 'monstrum'
1074 2306 1185 2367 rocssit,
1204 2305 1235 2354 sd
1258 2306 1341 2356 Attio.
1360 2306 1405 2356 lib.

313 2383 380 2431 Turn
405 2379 493 2427 usuris
516 2379 636 2442 probrum
662 2377 841 2442 quodantenus
880 2391 929 2428 vu.
943 2378 1020 2441 epist.
1041 2383 1078 2428 19.
1111 2381 1151 2428 Ae
1171 2380 1260 2443 ungari
1277 2395 1336 2429 seue
1354 2395 1404 2430 non

314 2456 347 2504 sd
360 2453 445 2502 meriti
457 2452 681 2516 quoquepertiuet
692 2449 840 2514 infumieus3
879 2461 976 2518 potest,
998 2455 1130 2519 illegitime
1150 2455 1303 2519 nefarieque
1321 2457 1405 2508 Cnse-

314 2529 412 2592 qnippe
428 2525 488 2590 ‘qni
500 2525 577 2575 debet
589 2539 645 2574 esse
664 2534 752 2576 eustos
768 2527 848 2594 pudi·¹
878 2543 931 2579 rem
943 2531 1100 2581 dominatum
1116 2532 1248 2582 invasione.
1265 2533 1405 2582 Verumta-

315 2604 384 2654 eitiae
407 2599 527 2650 uxorisr'
551 2600 576 2650 id
600 2599 688 2652 Cesar
709 2601 788 2651 etinrrs
810 2616 841 2652 eo
859 2619 935 2662 ¹uren
948 2605 973 2653 in
990 2620 1023 2655 eo
1041 2605 1108 2655 bene
1127 2608 1319 2670 prudenterque
1332 2606 1405 2663 iecit,

314 2676 511 2736 demonstravit,
537 2676 602 2726 iicet
631 2675 706 2726 testis
734 2676 841 2740 citurus,
878 2679 946 2741 orso'd
964 2679 1051 2743 inique
1064 2680 1191 2743 acquisita
1205 2680 1341 2742 tyrannide
1352 2682 1405 2729 oie·

314 2766 364 2802 nec
376 2751 582 2814 ipsssrusuxorim
596 2751 773 2815 turpitudinis,
785 2766 841 2802 esrn
879 2761 981 2804 menter
992 2769 1051 2804 usus
1062 2762 1117 2803 est:
1135 2754 1282 2816 civibusque
1293 2754 1405 2803 benero-

316 2835 402 2890 tumen
415 2829 471 2891 ipse
482 2843 527 2877 suo
540 2827 686 2878 testimonio
698 2827 842 2890 producere
878 2827 909 2878 iis
920 2843 996 2893 quoru
1013 2830 1101 2880 inritis
1118 2844 1149 2878 se
1165 2827 1338 2879 metuentibus
1357 2831 1405 2880 ins·

315 2919 346 2954 sc
373 2902 506 2965 pubiiesre
528 2903 619 2966 notuit,
643 2904 751 2968 quippe,
771 2902 855 2966 quod'
879 2906 1175 2968 pessumdaturus.

313 2978 408 3037 hsbeut
426 2978 622 3030 Jurisconsuitis
655 2979 769 3028 ‘Testis
789 2992 841 3027 uon
911 2981 942 3029 Is
961 2981 1073 3043 uictoria]
1100 2982 1182 3029 Tauro
1201 2979 1227 3028 id
1244 2979 1407 3045 iuudsirilins,

314 3052 415 3114 cogitur
429 3053 542 3116 siiegsre
555 3053 740 3115 turpitudinem
750 3051 842 3102 suum!
878 3061 976 3116 quanto
997 3057 1079 3103 rarius
1099 3050 1285 3120 difficiliusque.
1329 3057 1404 3106 Hunc

314 3126 444 3176 Ceterum
461 3125 485 3174 in
499 3129 654 3178 contrarium
673 3133 736 3176 eunt
755 3142 841 3177 exem·
878 3129 927 3176 sibi
944 3143 1104 3178 commonens
1117 3145 1175 3177 cum
1188 3130 1292 3180 Cerere
1303 3132 1405 3181 lundens

314 3203 359 3264 piu
376 3200 607 3251 laudatissimorum
618 3201 706 3266 lmpp.
718 3201 841 3252 Antonini
878 3205 979 3266 optssit
995 3203 1103 3253 eximius
1121 3203 1309 3267 Imperatorum
1325 3205 1405 3256 Anto·

313 3277 366 3333 Pii,
378 3283 404 3326 et
416 3275 540 3326 Antonini
562 3277 721 3340 Philosophi,
740 3281 766 3327 in
779 3293 841 3328 uxo·
878 3279 953 3328 ninus
965 3279 1060 3328 Phiior.
1072 3278 1115 3344 qui
1127 3281 1251 3343 Csssiuns,
1263 3281 1404 3346 imperinm

314 3363 370 3398 runs
384 3351 545 3412 impudicitiis
555 3351 663 3401 ferendo
679 3352 840 3416 potientium.
878 3353 1051 3417 insedentem,
1067 3355 1092 3404 in
1104 3369 1193 3406 nssnus
1203 3357 1252 3407 ribi
1264 3357 1320 3408 dsri
1331 3367 1404 3423 optu-

314 3424 410 3486 ¹Vernus
423 3423 545 3475 Antonini
566 3425 607 3476 Pii
625 3440 730 3476 osorem
741 3427 841 3480 sdnite·
878 3430 925 3488 sit,
940 3443 991 3478 uon
1003 3438 1032 3478 nt
1043 3429 1212 3494 interficeret,
1221 3433 1267 3482 sed
1279 3439 1309 3483 ut
1319 3435 1404 3499 ignos-

315 3513 368 3547 rsm
379 3497 468 3557 fuisse,
479 3501 576 3565 liquido
590 3501 647 3566 quis
663 3502 841 3556 demonstrsre
877 3511 959 3553 cerer.
976 3505 1051 3554 Idus.

314 3588 366 3622 uon
379 3576 476 3635 poterit
493 3591 525 3625 ex
540 3578 591 3625 iiiis
604 3579 688 3628 verbis
700 3579 841 3643 Cepitoiini
910 3579 1074 3630 Dessutiurstc
1084 3582 1211 3647 Pompeio]
1237 3579 1334 3634 Contra
1346 3585 1405 3636 Ce-

314 3649 341 3697 iu
350 3647 447 3698 Auton.
458 3664 482 3698 o.
491 3654 515 3700 t.
528 3658 535 3680 ¹
547 3653 589 3700 De
601 3653 677 3716 hujus
687 3668 765 3703 uxore
777 3657 840 3704 nsul-
878 3669 971 3720 sorem,
990 3672 1006 3706 a
1025 3658 1159 3724 Pompeio,
1176 3667 1228 3712 stut
1244 3661 1345 3711 Solonis
1359 3661 1405 3711 iiis

315 3731 341 3774 ts
351 3723 421 3778 dictu
432 3733 491 3774 snut
504 3725 536 3774 ob
544 3727 645 3778 ssiruiens
654 3730 801 3780 libertatern
812 3739 840 3782 et
877 3731 920 3781 lex
938 3734 970 3782 sb
989 3733 1021 3782 A.
1040 3733 1125 3783 Gellio
1145 3741 1287 3785 memorate
1309 3735 1353 3786 lib.
1374 3749 1404 3786 ιι.

314 3800 417 3850 risendi
428 3799 656 3868 facilitatemque
664 3805 713 3854 iste
722 3820 778 3854 cuns
787 3807 841 3856 sni·
878 3820 936 3871 esp.
952 3813 992 3858 lt.
1016 3809 1064 3858 ‘ln
1086 3824 1147 3859 earn
1164 3811 1247 3859 civilis
1259 3809 1405 3873 discordie,

314 3874 349 3922 uri
363 3875 450 3923 dolore
461 3875 637 3939 compressit?
666 3879 705 3927 De
717 3877 841 3928 Antonini
878 3883 922 3946 qui
935 3897 986 3932 uon
996 3884 1113 3934 siterutri
1126 3885 1194 3948 perti
1206 3900 1234 3935 se
1245 3886 1404 3949 sdjunxerit,

315 3949 464 4014 Pisiiosopbi
486 3961 570 4002 temen
586 3967 666 4002 nxorc
686 3967 726 4001 res
744 3955 841 4004 certior
877 3958 923 4006 sed
934 3959 1405 4026 soiitsrinsseprrntusqnescommu·

315 4034 365 4085 est,
375 4039 449 4089 quum
468 4034 496 4076 ut
513 4027 599 4088 negari
612 4027 703 4091 possit.
736 4027 788 4077 Sed
801 4043 842 4079 re·
878 4034 905 4082 ni
917 4035 984 4083 mulo
999 4036 1112 4086 ciuitatis
1122 4038 1271 4098 secesserit,
1285 4038 1305 4086 is
1317 4037 1402 4100 donro,

316 4098 428 4160 spondet
450 4100 612 4164 Capitolinus
630 4101 656 4150 iu
674 4101 754 4164 ipsius
779 4103 840 4160 sisa.
879 4109 973 4171 putris,
985 4107 1146 4174 fortunisque
1162 4111 1279 4160 omuibus
1294 4119 1404 4162 curetes

316 4187 374 4237 esp.
394 4179 434 4226 itt.
452 4189 508 4226 esus
526 4173 604 4227 inisse
621 4177 752 4242 Principis
766 4177 840 4242 injus
878 4185 938 4232 exui
951 4184 1108 4249 extorrisque
1120 4184 1195 4236 esto.'
1227 4185 1305 4238 iisne
1321 4187 1403 4253 ispum
